@comment{{This file has been generated by bib2bib 1.97}}

@article{Acerbi2012,
  author = {Acerbi, Alberto and Ghirlanda, Stefano and Enquist, Magnus},
  doi = {10.1371/journal.pone.0032541},
  issn = {1932-6203},
  journal = {PloS one},
  month = {jan},
  number = {3},
  pages = {e32541},
  pmid = {22412887},
  title = {{The logic of fashion cycles}},
  url = {http://www.pubmedcentral.nih.gov/articlerender.fcgi?artid=3296716\&tool=pmcentrez\&rendertype=abstract},
  volume = {7},
  year = {2012}
}

@incollection{Acerbi2014,
  address = {Berlin, Heidelberg},
  author = {Acerbi, Alberto and Ghirlanda, Stefano and Enquist, Magnus},
  booktitle = {Evolution, Complexity and Artificial Life},
  doi = {10.1007/978-3-642-37577-4},
  editor = {Cagnoni, Stefano and Mirolli, Marco and Villani, Marco},
  isbn = {978-3-642-37576-7},
  pages = {135--147},
  publisher = {Springer Berlin Heidelberg},
  title = {{Regulatory traits: cultural influences on cultural evolution}},
  url = {http://link.springer.com/chapter/10.1007/978-3-642-37577-4\_9},
  year = {2014}
}

@article{Ahern2016,
  archiveprefix = {arXiv},
  arxivid = {1608.00938},
  author = {Ahern, Christopher Andrew and Newberry, Mitchell G. and Clark, Robin and Plotkin, Joshua B.},
  eprint = {1608.00938},
  journal = {arXiv},
  month = {aug},
  title = {{Evolutionary forces in language change}},
  url = {http://arxiv.org/abs/1608.00938},
  volume = {1608.00938},
  year = {2016}
}

@incollection{Altmann1983,
  address = {Bochum},
  author = {Altmann, Gabriel H. and von Buttlar, Haro and Rott, Walter and Strau{\ss}, Udo},
  booktitle = {Historical linguistics},
  editor = {Brainerd, Barron},
  pages = {104--115},
  publisher = {Studienverlag Dr. N. Brockmeyer},
  title = {{A law of change in language}},
  year = {1983}
}

@article{Altmann2013,
  author = {Altmann, Eduardo G. and Whichard, Zakary L. and Motter, Adilson E.},
  doi = {10.1007/s10955-013-0699-7},
  issn = {0022-4715},
  journal = {Journal of Statistical Physics},
  month = {feb},
  number = {1-2},
  pages = {277--288},
  title = {{Identifying trends in word frequency dynamics}},
  url = {http://link.springer.com/10.1007/s10955-013-0699-7},
  volume = {151},
  year = {2013}
}

@incollection{Andersen2008,
  author = {Andersen, Henning},
  booktitle = {Grammatical Change and Linguistic Theory: The Rosendal papers},
  chapter = {1},
  editor = {Eyth{\'{o}}rsson, Th{\'{o}}rhallur},
  pages = {11--44},
  publisher = {John Benjamins},
  title = {{Grammaticalization in a speaker-oriented theory of change}},
  year = {2008}
}

@article{Arita1998,
  author = {Arita, Takaya and Koyama, Yuhji},
  editor = {Adami, C and Belew, R and Kitano, H and Taylor, C},
  institution = {Graduate School of Human Informatics, Nagoya University, Japan. ari@info.human.nagoya-u.ac.jp},
  journal = {Artificial Life},
  number = {1},
  pages = {109--124},
  pmid = {9798278},
  publisher = {MIT Press},
  title = {{Evolution of linguistic diversity in a simple communication system}},
  url = {http://www.ncbi.nlm.nih.gov/pubmed/9798278 http://www.alife.cs.is.nagoya-u.ac.jp/~ari/stuff/papers/alifeVI-langdiv.pdf},
  volume = {4},
  year = {1998}
}

@article{Atkinson2005,
  author = {Atkinson, Quentin D. and Gray, Russell D.},
  journal = {Systematic Biology},
  number = {4},
  pages = {513--526},
  title = {{Curious parallels and curious connections - Phylogenetic thinking in biology and historical linguistics}},
  volume = {54},
  year = {2005}
}

@article{Atkinson2005a,
  author = {Atkinson, Quentin and Nicholls, Geoff and Welch, David and Gray, Russell},
  doi = {10.1111/j.1467-968X.2005.00151.x},
  issn = {00791636},
  journal = {Transactions of the Philological Society},
  month = {aug},
  number = {2},
  pages = {193--219},
  title = {{From words to dates: water into wine, mathemagic or phylogenetic inference?}},
  url = {http://doi.wiley.com/10.1111/j.1467-968X.2005.00151.x},
  volume = {103},
  year = {2005}
}

@article{Atkinson2015,
  author = {Atkinson, Mark and Kirby, Simon and Smith, Kenny},
  doi = {10.1371/journal.pone.0129463},
  editor = {Caldwell, Christine A},
  issn = {1932-6203},
  journal = {PLOS ONE},
  month = {jun},
  number = {6},
  pages = {e0129463},
  title = {{Speaker input variability does not explain why larger populations have simpler languages}},
  url = {http://dx.plos.org/10.1371/journal.pone.0129463},
  volume = {10},
  year = {2015}
}

@phdthesis{Atkinson2016,
  author = {Atkinson, Mark},
  school = {The University of Edinburgh},
  title = {{Sociocultural determination of linguistic complexity}},
  year = {2016}
}

@article{Bailey1970,
  address = {Honolulu},
  author = {Bailey, Charles-James N.},
  institution = {Hawaii University},
  journal = {Working Papers in Linguistics},
  number = {9},
  pages = {161--233},
  title = {{Building rate into a dynamic theory of linguistic description}},
  url = {http://eric.ed.gov/?id=ED045970},
  volume = {2},
  year = {1970}
}

@book{Bailey1973,
  address = {Arlington, VA},
  author = {Bailey, Charles-James N.},
  pages = {vii + 162/169},
  publisher = {Center for Applied Linguistics},
  title = {{Variation and linguistic theory}},
  url = {http://files.eric.ed.gov/fulltext/ED125238.pdf},
  year = {1973}
}

@incollection{Bailey2002,
  address = {Oxford},
  author = {Bailey, Guy},
  booktitle = {The Handbook of Language Variation and Change},
  chapter = {12},
  editor = {Chambers, J. K. and Trudgill, Peter and Schilling, Natalie},
  pages = {312--332},
  publisher = {Blackwell},
  title = {{Real and apparent time}},
  year = {2002}
}

@article{Baker2008,
  author = {Baker, Adam},
  doi = {10.1111/j.1749-818X.2008.00054.x},
  issn = {1749-818X},
  journal = {Language and Linguistics Compass},
  month = {mar},
  number = {2},
  pages = {289--307},
  title = {{Computational approaches to the study of language change}},
  url = {http://doi.wiley.com/10.1111/j.1749-818X.2008.00054.x},
  volume = {2},
  year = {2008}
}

@article{Baker2011,
  author = {Baker, Adam and Archangeli, Diana and Mielke, Jeff},
  doi = {10.1017/S0954394511000135},
  issn = {0954-3945},
  journal = {Language Variation and Change},
  month = {dec},
  number = {03},
  pages = {347--374},
  title = {{Variability in American English s-retraction suggests a solution to the actuation problem}},
  url = {http://www.journals.cambridge.org/abstract\_S0954394511000135},
  volume = {23},
  year = {2011}
}

@article{Baranowski2013,
  author = {Baranowski, Maciej},
  doi = {10.1017/S1360674313000038},
  issn = {1360-6743},
  journal = {English Language and Linguistics},
  month = {jun},
  number = {02},
  pages = {271--295},
  title = {{On the role of social factors in the loss of phonemic distinctions}},
  url = {http://www.journals.cambridge.org/abstract\_S1360674313000038},
  volume = {17},
  year = {2013}
}

@article{Baronchelli2006,
  archiveprefix = {arXiv},
  arxivid = {physics/0509075},
  author = {Baronchelli, Andrea and Felici, Maddalena and Loreto, Vittorio and Caglioti, Emanuele and Steels, Luc},
  doi = {10.1088/1742-5468/2006/06/P06014},
  eprint = {0509075},
  issn = {1742-5468},
  journal = {Journal of Statistical Mechanics: Theory and Experiment},
  month = {jun},
  pages = {P06014},
  primaryclass = {physics},
  publisher = {Institute of Physics Publishing},
  title = {{Sharp transition towards shared vocabularies in multi-agent systems}},
  url = {http://arxiv.org/abs/physics/0509075 http://stacks.iop.org/1742-5468/2006/i=06/a=P06014?key=crossref.bf3cc4efe8e947cf29459b7c9f5b74ca},
  year = {2006}
}

@article{Baronchelli2008,
  archiveprefix = {arXiv},
  arxivid = {0803.0398},
  author = {Baronchelli, Andrea and Loreto, Vittorio and Steels, Luc},
  doi = {10.1142/S0129183108012522},
  eprint = {0803.0398},
  issn = {0129-1831},
  journal = {International Journal of Modern Physics C},
  month = {may},
  number = {05},
  pages = {785--812},
  title = {{In-depth analysis of the Naming Game dynamics: the homogeneous mixing case}},
  url = {http://arxiv.org/abs/0803.0398 http://www.worldscientific.com/doi/abs/10.1142/S0129183108012522},
  volume = {19},
  year = {2008}
}

@article{Baxter2006,
  author = {Baxter, Gareth J. and Blythe, Richard A. and Croft, William and McKane, Alan J.},
  doi = {10.1103/PhysRevE.73.046118},
  issn = {1539-3755},
  journal = {Physical Review E},
  month = {apr},
  number = {4},
  pages = {046118},
  publisher = {APS},
  title = {{Utterance selection model of language change}},
  url = {http://arxiv.org/abs/cond-mat/0512588 http://link.aps.org/doi/10.1103/PhysRevE.73.046118},
  volume = {73},
  year = {2006}
}

@article{Baxter2008,
  author = {Baxter, Gareth J. and Blythe, Richard A. and McKane, Alan J.},
  doi = {10.1103/PhysRevLett.101.258701},
  issn = {0031-9007},
  journal = {Physical Review Letters},
  month = {dec},
  number = {25},
  pages = {258701},
  title = {{Fixation and consensus times on a network: a unified approach}},
  url = {http://link.aps.org/doi/10.1103/PhysRevLett.101.258701},
  volume = {101},
  year = {2008}
}

@article{Baxter2009,
  author = {Baxter, Gareth J. and Blythe, Richard A. and Croft, William and McKane, Alan J.},
  doi = {10.1017/S095439450999010X},
  issn = {09543945},
  journal = {Language Variation and Change},
  number = {02},
  pages = {257},
  publisher = {Cambridge Univ Press},
  title = {{Modeling language change: An evaluation of Trudgill's theory of the emergence of New Zealand English}},
  url = {http://www.journals.cambridge.org/abstract\_S095439450999010X},
  volume = {21},
  year = {2009}
}

@article{Baxter2016,
  author = {Baxter, Gareth and Croft, William},
  doi = {10.1017/S0954394516000077},
  issn = {0954-3945},
  journal = {Language Variation and Change},
  month = {jul},
  number = {02},
  pages = {129--173},
  title = {{Modeling language change across the lifespan: Individual trajectories in community change}},
  url = {http://sweet.ua.pt/gjbaxter/files/Lifespan.pdf http://www.journals.cambridge.org/abstract\_S0954394516000077},
  volume = {28},
  year = {2016}
}

@article{Bentley2004,
  author = {Bentley, R. Alexander and Hahn, Matthew W. and Shennan, Stephen J.},
  doi = {10.1098/rspb.2004.2746},
  institution = {AHRB Centre for the Evolutionary Analysis of Cultural Behaviour, University College London, 31-34 Gordon Square, London WC1H 0PY, UK. r.bentley@ucl.ac.uk},
  journal = {Proceedings of the Royal Society B: Biological Sciences},
  number = {1547},
  pages = {1443--1450},
  title = {{Random drift and culture change}},
  url = {http://dx.doi.org/10.1098/rspb.2004.2746},
  volume = {271},
  year = {2004}
}

@article{Bentley2007,
  author = {Bentley, R. Alexander and Lipo, Carl P. and Herzog, Harold A. and Hahn, Matthew W.},
  doi = {10.1016/j.evolhumbehav.2006.10.002},
  journal = {Evolution and Human Behavior},
  number = {3},
  pages = {151--158},
  publisher = {Elsevier},
  title = {{Regular rates of popular culture change reflect random copying}},
  url = {http://dx.doi.org/10.1016/j.evolhumbehav.2006.10.002},
  volume = {28},
  year = {2007}
}

@book{Berg1998,
  address = {Oxford},
  author = {Berg, Thomas},
  publisher = {Clarendon Press},
  title = {{Linguistic structure and change: an explanation from language processing}},
  year = {1998}
}

@article{Berger2009,
  author = {Berger, Jonah and {Le Mens}, Ga{\"{e}}l},
  institution = {The Wharton School, University of Pennsylvania, Philadelphia, PA 19104, USA. jberger@wharton.upenn.edu},
  journal = {Proceedings of the National Academy of Sciences of the United States of America},
  number = {20},
  pages = {8146--8150},
  publisher = {National Academy of Sciences},
  title = {{How adoption speed affects the abandonment of cultural tastes}},
  url = {http://www.pubmedcentral.nih.gov/articlerender.fcgi?artid=2688844\&tool=pmcentrez\&rendertype=abstract},
  volume = {106},
  year = {2009}
}

@incollection{Bickel2015,
  address = {Oxford},
  author = {Bickel, Balthasar},
  booktitle = {The Oxford handbook of linguistic analysis},
  doi = {10.5167/uzh-109110},
  editor = {Heine, Bernd and Narrog, Heiko},
  pages = {901--923},
  publisher = {Oxford University Press},
  title = {{Distributional typology: statistical inquiries into the dynamics of linguistic diversity}},
  url = {http://www.zora.uzh.ch/109110/},
  year = {2015}
}

@article{Bikhchandani1992,
  author = {Bikhchandani, Sushil and Hirshleifer, David and Welch, Ivo},
  doi = {10.1086/261849},
  isbn = {00223808},
  issn = {0022-3808},
  journal = {Journal of Political Economy},
  month = {jan},
  number = {5},
  pages = {992--1026},
  title = {{A theory of fads, fashion, custom, and cultural change as informational cascades}},
  url = {http://www.journals.uchicago.edu/doi/abs/10.1086/261849},
  volume = {100},
  year = {1992}
}

@article{Bikhchandani1998,
  author = {Bikhchandani, Sushil and Hirshleifer, David and Welch, Ivo},
  doi = {10.1257/jep.12.3.151},
  issn = {0895-3309},
  journal = {Journal of Economic Perspectives},
  month = {aug},
  number = {3},
  pages = {151--170},
  title = {{Learning from the behavior of others: conformity, fads, and informational cascades}},
  url = {http://pubs.aeaweb.org/doi/abs/10.1257/jep.12.3.151},
  volume = {12},
  year = {1998}
}

@book{Bloomfield1933,
  address = {Chicago},
  author = {Bloomfield, Leonard},
  isbn = {9780226060675},
  publisher = {University of Chicago Press},
  title = {{Language}},
  year = {1933}
}

@article{Blute1997,
  author = {Blute, Marion},
  doi = {10.2307/3341626},
  issn = {03186431},
  journal = {Canadian Journal of Sociology / Cahiers canadiens de sociologie},
  number = {3},
  pages = {345--364},
  title = {{History versus science: the evolutionary solution}},
  url = {http://www.jstor.org/stable/3341626},
  volume = {22},
  year = {1997}
}

@article{Blythe2007divided,
  archiveprefix = {arXiv},
  arxivid = {q-bio/0606037},
  author = {Blythe, Richard A.},
  doi = {10.1016/j.tpb.2007.01.006},
  eprint = {0606037},
  institution = {School of Physics, University of Edinburgh, Mayfield Road, Edinburgh EH9 3JZ, UK. R.A.Blythe@ed.ac.uk},
  issn = {0040-5809},
  journal = {Theoretical population biology},
  month = {jun},
  number = {4},
  pages = {454--472},
  pmid = {17337025},
  primaryclass = {q-bio},
  title = {{The propagation of a cultural or biological trait by neutral genetic drift in a subdivided population}},
  url = {http://arxiv.org/abs/q-bio/0606037 http://www.ncbi.nlm.nih.gov/pubmed/17337025 http://www.sciencedirect.com/science/article/pii/S004058090700007X},
  volume = {71},
  year = {2007}
}

@article{Blythe2009,
  author = {Blythe, Richard A. and Croft, William A.},
  doi = {10.1111/j.1467-9922.2009.00535.x},
  issn = {00238333},
  journal = {Language Learning},
  month = {dec},
  number = {Supplement s1},
  pages = {47--63},
  title = {{The speech community in evolutionary language dynamics}},
  url = {http://doi.wiley.com/10.1111/j.1467-9922.2009.00535.x},
  volume = {59},
  year = {2009}
}

@article{Blythe2010,
  archiveprefix = {arXiv},
  arxivid = {1006.1557v2},
  author = {Blythe, Richard A.},
  doi = {10.1088/1751-8113/43/38/385003},
  eprint = {1006.1557v2},
  issn = {1751-8113},
  journal = {Journal of Physics A: Mathematical and Theoretical},
  month = {sep},
  number = {38},
  pages = {385003},
  title = {{Ordering in voter models on networks: exact reduction to a single-coordinate diffusion}},
  url = {http://stacks.iop.org/1751-8121/43/i=38/a=385003?key=crossref.89a6e9661ea9f439bbab555a9eef4b0e},
  volume = {43},
  year = {2010}
}

@article{Blythe2012,
  author = {Blythe, Richard A. and Croft, William},
  doi = {10.1353/lan.2012.0027},
  issn = {1535-0665},
  journal = {Language},
  number = {2},
  pages = {269--304},
  title = {{S-curves and the mechanisms of propagation in language change}},
  url = {http://muse.jhu.edu/content/crossref/journals/language/v088/88.2.blythe.html},
  volume = {88},
  year = {2012}
}

@article{Blythe2012copying,
  archiveprefix = {arXiv},
  arxivid = {1104.0529},
  author = {Blythe, Richard A.},
  doi = {10.1142/S0219525911003396},
  eprint = {1104.0529},
  issn = {0219-5259},
  journal = {Advances in Complex Systems},
  month = {mar},
  number = {1 \& 2},
  pages = {1150012--1 -- 1150012--26},
  title = {{Random copying in space}},
  url = {http://www.worldscientific.com/doi/abs/10.1142/S0219525911003396},
  volume = {15},
  year = {2012}
}

@article{Blythe2012neutral,
  archiveprefix = {arXiv},
  arxivid = {1108.1275},
  author = {Blythe, Richard A.},
  doi = {10.1142/S0219525911003414},
  eprint = {1108.1275},
  issn = {0219-5259},
  journal = {Advances in Complex Systems},
  month = {may},
  number = {03n04},
  pages = {1150015},
  title = {{Neutral evolution: a null model for language dynamics}},
  url = {http://www.worldscientific.com/doi/abs/10.1142/S0219525911003414},
  volume = {15},
  year = {2012}
}

@article{Blythe2015,
  archiveprefix = {arXiv},
  arxivid = {1505.00122v1},
  author = {Blythe, Richard A.},
  doi = {10.1140/epjb/e2015-60347-3},
  eprint = {1505.00122v1},
  issn = {1434-6028},
  journal = {The European Physical Journal B},
  pages = {295},
  title = {{Hierarchy of scales in language dynamics}},
  url = {http://arxiv.org/abs/1505.00122v1},
  volume = {88},
  year = {2015}
}

@article{BorgerhoffMulder2001,
  author = {{Borgerhoff Mulder}, Monique},
  doi = {10.1002/evan.1020},
  issn = {10601538},
  journal = {Evolutionary Anthropology: Issues, News and Reviews},
  number = {3},
  pages = {99--111},
  publisher = {Wiley Online Library},
  title = {{Using phylogenetically based comparative methods in anthropology: More questions than answers}},
  url = {http://doi.wiley.com/10.1002/evan.1020},
  volume = {10},
  year = {2001}
}

@article{Bourdieu1977,
  author = {Bourdieu, Pierre},
  doi = {10.1177/053901847701600601},
  issn = {0539-0184},
  journal = {Social Science Information},
  month = {jan},
  number = {6},
  pages = {645--668},
  title = {{The economics of linguistic exchanges}},
  url = {http://ssi.sagepub.com/cgi/doi/10.1177/053901847701600601},
  volume = {16},
  year = {1977}
}

@incollection{Bowie2013,
  address = {Oxford},
  author = {Bowie, David and Yaeger-Dror, Malcah},
  booktitle = {The Oxford handbook of historical phonology},
  chapter = {34},
  doi = {10.1093/oxfordhb/9780199232819.013.004},
  editor = {Salmons, Joseph and Honeybone, Patrick},
  publisher = {Oxford University Press},
  title = {{Phonological change in real time}},
  url = {http://www.oxfordhandbooks.com/view/10.1093/oxfordhb/9780199232819.001.0001/oxfordhb-9780199232819-e-004},
  year = {2013}
}

@book{Boyd1985,
  address = {Chicago},
  author = {Boyd, Robert and Richerson, Peter J.},
  chapter = {340},
  isbn = {9780226069333},
  pages = {340},
  pmid = {952705},
  publisher = {University of Chicago Press},
  title = {{Culture and the evolutionary process}},
  url = {https://books.google.nl/books?id=MBg4oBsCKU8C\&printsec=frontcover},
  year = {1985}
}

@article{Branigan2000,
  author = {Branigan, Holly P. and Pickering, Martin J. and Cleland, Alexandra A.},
  doi = {10.1016/S0010-0277(99)00081-5},
  issn = {00100277},
  journal = {Cognition},
  month = {may},
  number = {2},
  pages = {B13--B25},
  title = {{Syntactic co-ordination in dialogue}},
  url = {http://linkinghub.elsevier.com/retrieve/pii/S0010027799000815},
  volume = {75},
  year = {2000}
}

@article{Brighton2002,
  author = {Brighton, Henry},
  doi = {10.1162/106454602753694756},
  issn = {1064-5462},
  journal = {Artificial Life},
  month = {jan},
  number = {1},
  pages = {25--54},
  title = {{Compositional syntax from cultural transmission}},
  url = {http://www.mitpressjournals.org/doi/abs/10.1162/106454602753694756},
  volume = {8},
  year = {2002}
}

@incollection{Bucholtz2004,
  address = {Oxford},
  author = {Bucholtz, Mary and Hall, Kira},
  booktitle = {A Companion to Linguistic Anthropology},
  chapter = {16},
  doi = {10.1002/9780470996522.ch16},
  editor = {Duranti, Alessandro},
  isbn = {978-1405144308},
  pages = {369--394},
  publisher = {Blackwell Publishing Ltd},
  title = {{Language and Identity}},
  url = {http://doi.wiley.com/10.1002/9780470996522.ch16},
  year = {2004}
}

@article{Buchstaller2015,
  author = {Buchstaller, Isabelle},
  doi = {10.1017/S0047404515000391},
  issn = {0047-4045},
  journal = {Language in Society},
  pages = {457--496},
  title = {{Exploring linguistic malleability across the life span: Age-specific patterns in quotative use}},
  url = {http://www.journals.cambridge.org/abstract\_S0047404515000391},
  volume = {44},
  year = {2015}
}

@book{Busemeyer2010,
  author = {Busemeyer, Jerome R. and Diederich, Adele},
  isbn = {9780761924500},
  publisher = {Sage Publications},
  title = {{Cognitive Modeling}},
  year = {2010}
}

@book{Bush1955,
  address = {Oxford},
  author = {Bush, Robert R. and Mosteller, Frederick},
  publisher = {John Wiley \& Sons, Inc.},
  title = {{Stochastic models for learning}},
  year = {1955}
}

@book{Bybee2007,
  address = {Oxford},
  author = {Bybee, Joan},
  isbn = {9780195301564},
  pages = {374},
  publisher = {Oxford University Press},
  title = {{Frequency of use and the organization of language}},
  year = {2007}
}

@book{Bynon1977,
  address = {Cambridge},
  author = {Bynon, Theodora},
  doi = {10.1017/CBO9781139165709},
  isbn = {9781139165709},
  publisher = {Cambridge University Press},
  title = {{Historical Linguistics}},
  url = {http://ebooks.cambridge.org/ref/id/CBO9781139165709},
  year = {1977}
}

@book{Campbell2013,
  address = {Edinburgh},
  author = {Campbell, Lyle},
  edition = {3rd},
  isbn = {9780748645947},
  publisher = {Edinburgh University Press},
  title = {{Historical Linguistics: An Introduction}},
  year = {2013}
}

@incollection{Cangelosi2002,
  address = {London},
  author = {Cangelosi, Angelo and Parisi, Domenico},
  booktitle = {Simulating the evolution of language},
  chapter = {1},
  editor = {Cangelosi, Angelo and Parisi, Domenico},
  isbn = {978-1-85233-428-4},
  pages = {3--28},
  publisher = {Springer-Verlag},
  title = {{Computer simulation: a new scientific approach to the study of language evolution}},
  url = {http://cogprints.org/2014/},
  year = {2002}
}

@article{Carrera-Sabate2014,
  author = {Carrera-Sabat{\'{e}}, Josefina},
  doi = {10.1558/sols.v8i2.193},
  issn = {17508649},
  journal = {Sociolinguistic Studies},
  month = {dec},
  number = {2},
  pages = {193--221},
  title = {{Does meta-linguistic awareness play any role at the beginning of an ongoing sound change? The case of some vowel-ended verbs in Catalan}},
  url = {http://www.equinoxpub.com/journals/index.php/SS/article/view/17684},
  volume = {8},
  year = {2014}
}

@article{Castellano2009,
  archiveprefix = {arXiv},
  arxivid = {0710.3256v2},
  author = {Castellano, Claudio and Fortunato, Santo and Loreto, Vittorio},
  doi = {10.1103/RevModPhys.81.591},
  eprint = {0710.3256v2},
  institution = {MRC Laboratory of Molecular Biology, Hills Road, Cambridge CB2 2QH, England.},
  issn = {00346861},
  journal = {Reviews of Modern Physics},
  number = {2},
  pages = {591--646},
  pmid = {10655359},
  publisher = {APS},
  title = {{Statistical physics of social dynamics}},
  url = {http://link.aps.org/doi/10.1103/RevModPhys.81.591},
  volume = {81},
  year = {2009}
}

@inproceedings{Cedergren1987,
  address = {Georgetown},
  author = {Cedergren, Henrietta J.},
  booktitle = {Language Spread and Language Policy: Issues, Implications, and Case Studies (Proceedings of GURT '87)},
  pages = {45--59},
  title = {{The spread of language change: verifying inferences of linguistic diffusion}},
  url = {https://repository.library.georgetown.edu/bitstream/handle/10822/555480/GURT\_1987.pdf?sequence=1\&isAllowed=y{\#}page=63},
  year = {1987}
}

@book{Chambers1998,
  address = {Cambridge},
  author = {Chambers, J. K. and Trudgill, Peter},
  doi = {10.1017/CBO9780511805103},
  isbn = {9780511805103},
  publisher = {Cambridge University Press},
  title = {{Dialectology}},
  url = {http://ebooks.cambridge.org/ref/id/CBO9780511805103},
  year = {1998}
}

@article{Chater2010evolution,
  author = {Chater, Nick and Christiansen, Morten H.},
  doi = {10.1002/wcs.85},
  issn = {19395078},
  journal = {Wiley Interdisciplinary Reviews: Cognitive Science},
  month = {jul},
  number = {5},
  pages = {623--628},
  title = {{Language evolution as cultural evolution: how language is shaped by the brain}},
  url = {http://doi.wiley.com/10.1002/wcs.85},
  volume = {1},
  year = {2010}
}

@article{Chen2013,
  author = {Chen, M. Keith},
  doi = {10.1257/aer.103.2.690},
  issn = {0002-8282},
  journal = {American Economic Review},
  month = {apr},
  number = {2},
  pages = {690--731},
  title = {{The effect of language on economic behavior: evidence from savings rates, health behaviors, and retirement assets}},
  url = {http://pubs.aeaweb.org/doi/abs/10.1257/aer.103.2.690},
  volume = {103},
  year = {2013}
}

@article{Choudhury2006,
  author = {Choudhury, Monojit and Basu, Anupam and Sarkar, Sudeshna},
  journal = {Journal of Artificial Societies and Social Simulation},
  number = {2},
  pages = {2},
  title = {{Multi-agent simulation of emergence of schwa deletion pattern in Hindi}},
  url = {http://jasss.soc.surrey.ac.uk/9/2/2.html},
  volume = {9},
  year = {2006}
}

@inproceedings{Choudhury2007,
  address = {Morristown, NJ, USA},
  author = {Choudhury, Monojit and Jalan, Vaibhav and Sarkar, Sudeshna and Basu, Anupam},
  booktitle = {Proceedings of the Ninth Meeting of the ACL Special Interest Group in Computational Morphology and Phonology (SigMorPhon '07)},
  doi = {10.3115/1626516.1626525},
  pages = {65--74},
  publisher = {Association for Computational Linguistics},
  title = {{Evolution, optimization, and language change: the case of Bengali verb inflections}},
  url = {http://portal.acm.org/citation.cfm?doid=1626516.1626525},
  year = {2007}
}

@article{Clifford1973,
  author = {Clifford, Peter and Sudbury, Aidan},
  doi = {10.1093/biomet/60.3.581},
  issn = {0006-3444},
  journal = {Biometrika},
  number = {3},
  pages = {581--588},
  title = {{A model for spatial conflict}},
  url = {http://biomet.oxfordjournals.org/cgi/doi/10.1093/biomet/60.3.581},
  volume = {60},
  year = {1973}
}

@book{Cornips2005,
  doi = {10.1075/cilt.265},
  editor = {Cornips, Leonie M. E. A. and Corrigan, Karen P.},
  isbn = {978 90 272 4779 7},
  publisher = {John Benjamins Publishing Company},
  series = {Current Issues in Linguistic Theory},
  title = {{Syntax and Variation}},
  url = {https://benjamins.com/{\#}catalog/books/cilt.265/main},
  year = {2005}
}

@article{Cornish2009,
  author = {Cornish, Hannah and Tamariz, M{\'{o}}nica and Kirby, Simon},
  doi = {10.1111/j.1467-9922.2009.00540.x},
  issn = {00238333},
  journal = {Language Learning},
  month = {dec},
  number = {December},
  pages = {187--205},
  publisher = {Wiley Online Library},
  title = {{Complex adaptive systems and the origins of adaptive structure: what experiments can tell us}},
  url = {http://doi.wiley.com/10.1111/j.1467-9922.2009.00540.x},
  volume = {59:Suppl.1},
  year = {2009}
}

@incollection{Cowgill1963,
  address = {Cambridge, Massachusetts},
  author = {Cowgill, Warren},
  booktitle = {Universals of language},
  chapter = {6},
  editor = {Greenberg, Joseph H.},
  pages = {91--113},
  publisher = {MIT Press},
  title = {{A search for universals in Indo-European diachronic morphology}},
  url = {https://archive.org/details/universalsoflang00unse},
  year = {1963}
}

@book{Croft2000,
  address = {Harlow},
  author = {Croft, William},
  publisher = {Pearson Education Limited},
  title = {{Explaining language change: an evolutionary approach}},
  year = {2000}
}

@incollection{Croft2006,
  address = {Amsterdam},
  author = {Croft, William A.},
  booktitle = {Competing models of linguistic change: evolution and beyond},
  doi = {10.1075/cilt.279.08cro},
  editor = {Thomsen, Ole Nedergaard},
  pages = {91--132},
  publisher = {John Benjamins Publishing Company},
  series = {Current Issues in Linguistic Theory},
  title = {{The relevance of an evolutionary model to historical linguistics}},
  url = {https://benjamins.com/catalog/cilt.279.08cro},
  volume = {279},
  year = {2006}
}

@article{Croft2008,
  author = {Croft, William},
  doi = {10.1146/annurev.anthro.37.081407.085156},
  issn = {00846570},
  journal = {Annual review of anthropology},
  number = {1},
  pages = {219--234},
  title = {{Evolutionary Linguistics}},
  url = {http://arjournals.annualreviews.org/doi/abs/10.1146/annurev.anthro.37.081407.085156},
  volume = {37},
  year = {2008}
}

@article{Cuskley2014,
  archiveprefix = {arXiv},
  arxivid = {1408.2699},
  author = {Cuskley, Christine F. and Pugliese, Martina and Castellano, Claudio and Colaiori, Francesca and Loreto, Vittorio and Tria, Francesca},
  doi = {10.1371/journal.pone.0102882},
  eprint = {1408.2699},
  issn = {19326203},
  journal = {PLoS ONE},
  number = {8},
  pages = {e102882},
  pmid = {25084006},
  title = {{Internal and external dynamics in language: evidence from verb regularity in a historical corpus of english}},
  url = {http://journals.plos.org/plosone/article?id=10.1371/journal.pone.0102882},
  volume = {9},
  year = {2014}
}

@book{Darwin1871,
  address = {London},
  author = {Darwin, Charles},
  pages = {450},
  publisher = {John Murray},
  title = {{The descent of man, and selection in relation to sex}},
  year = {1871}
}

@incollection{DeBoer2006,
  author = {de Boer, Bart},
  booktitle = {Evolutionary Epistemology, Language and Culture},
  doi = {10.1007/1-4020-3395-8_17},
  editor = {Gontier, Nathalie and {Van Bendegem}, Jean Paul and Aerts, Diederik},
  isbn = {978-1-4020-3395-7},
  pages = {381--406},
  publisher = {Springer},
  series = {Theory and Decision Library A: Rational Choice in Practical Philosophy and Philosophy of Science},
  title = {{Computer modelling as a tool for understanding language evolution}},
  url = {http://dx.doi.org/10.1007/1-4020-3395-8\_17},
  volume = {39},
  year = {2006}
}

@inproceedings{DeBoer2012EvoLang,
  address = {Tokyo},
  author = {de Boer, Bart},
  booktitle = {Five Approaches to Language Evolution: Proceedings of the Workshops of the 9th International Conference on the Evolution of Language},
  editor = {McCrohon, Luke},
  pages = {83--92},
  publisher = {Evolang9 Organizing Committee},
  title = {{Modelling and language evolution: beyond fact-free science}},
  url = {http://uvafon.hum.uva.nl/bart/papers/deBoerEvolangWorkshop2012.pdf},
  year = {2012}
}

@article{DeOliveira2005,
  author = {{De Oliveira}, Viviane M. and Campos, Paulo R. A. and Gomes, Marcelo A. F. and Tsang, Ing Ren},
  journal = {Physica A: Statistical Mechanics and its Applications},
  number = {1},
  pages = {10},
  title = {{Bounded fitness landscapes and the evolution of the linguistic diversity}},
  url = {http://arxiv.org/abs/physics/0510249},
  volume = {368},
  year = {2005}
}

@article{DeVylder2006,
  author = {{De Vylder}, Bart and Tuyls, Karl},
  institution = {Artificial Intelligence Lab, Vrije Universiteit Brussel, Belgium. bartdv@arti.vub.ac.be {\textless}bartdv@arti.vub.ac.be{\textgreater}},
  journal = {Journal of Theoretical Biology},
  number = {4},
  pages = {818--831},
  pmid = {16843499},
  publisher = {Elsevier},
  title = {{How to reach linguistic consensus: a proof of convergence for the naming game.}},
  url = {http://www.ncbi.nlm.nih.gov/pubmed/16843499},
  volume = {242},
  year = {2006}
}

@article{Dediu2007,
  author = {Dediu, Dan and Ladd, D. Robert},
  doi = {10.1073/pnas.0610848104},
  issn = {0027-8424},
  journal = {Proceedings of the National Academy of Sciences},
  month = {jun},
  number = {26},
  pages = {10944--10949},
  title = {{Linguistic tone is related to the population frequency of the adaptive haplogroups of two brain size genes, ASPM and Microcephalin}},
  url = {http://www.pnas.org/cgi/doi/10.1073/pnas.0610848104},
  volume = {104},
  year = {2007}
}

@incollection{Denison2003,
  address = {Cambridge},
  author = {Denison, David},
  booktitle = {Motives for language change},
  editor = {Hickey, Raymond},
  isbn = {978-0-521-79303-2},
  pages = {54--70},
  publisher = {Cambridge University Press},
  title = {{Log(ist)ic and simplistic S-curves}},
  url = {https://www.escholar.manchester.ac.uk/uk-ac-man-scw:3b1441},
  year = {2003}
}

@book{Dixon1997,
  address = {Cambridge},
  author = {Dixon, Robert M. W.},
  doi = {10.1017/CBO9780511612060},
  isbn = {9780511612060},
  publisher = {Cambridge University Press},
  title = {{The rise and fall of languages}},
  url = {http://ebooks.cambridge.org/ref/id/CBO9780511612060},
  year = {1997}
}

@article{Drager2005,
  author = {Drager, Katie},
  journal = {Te Reo},
  pages = {55--68},
  title = {{From bad to bed: The relationship between perceived age and vowel perception in New Zealand English}},
  volume = {48},
  year = {2005}
}

@article{Drager2011,
  author = {Drager, Katie},
  doi = {10.1177/0023830910388017},
  issn = {0023-8309},
  journal = {Language and Speech},
  month = {mar},
  number = {1},
  pages = {99--121},
  title = {{Speaker age and vowel perception}},
  url = {http://las.sagepub.com/cgi/doi/10.1177/0023830910388017},
  volume = {54},
  year = {2011}
}

@inproceedings{Driscoll2014,
  address = {Chicago, Illinois},
  author = {Driscoll, Anna and Lape, Emma},
  booktitle = {43rd New Ways of Analyzing Variation conference},
  organization = {University of Illinois},
  title = {{Reversal of the Northern Cities Shift in Syracuse, New York}},
  url = {http://www.nwav43.illinois.edu/program/documents/Driscoll-Lape-longabstract.pdf},
  year = {2014}
}

@incollection{Durham2014,
  address = {Basingstoke},
  author = {Durham, Mercedes},
  booktitle = {Sociolinguistics in Scotland},
  editor = {Lawson, Robert},
  pages = {296--318},
  publisher = {Palgrave MacMillan},
  title = {{30 years later: real-time change and stability in attitudes towards the dialect in Shetland}},
  url = {http://orca.cf.ac.uk/id/eprint/45627},
  year = {2014}
}

@article{Eckert1989,
  author = {Eckert, Penelope},
  doi = {10.1017/S095439450000017X},
  issn = {0954-3945},
  journal = {Language Variation and Change},
  month = {oct},
  number = {03},
  pages = {245--267},
  title = {{The whole woman: Sex and gender differences in variation}},
  url = {http://www.journals.cambridge.org/abstract\_S095439450000017X http://citeseerx.ist.psu.edu/viewdoc/download?doi=10.1.1.452.764\&rep=rep1\&type=pdf},
  volume = {1},
  year = {1989}
}

@book{Ellegard1953,
  address = {Stockholm},
  author = {Elleg{\aa}rd, Alvar},
  publisher = {Almqvist \& Wiksell},
  series = {Gothenburg studies in English},
  title = {{The auxiliary do: the establishment and regulation of its use in English}},
  url = {http://hdl.handle.net/2077/10782},
  year = {1953}
}

@inproceedings{Enke2016,
  address = {New Orleans},
  author = {Enke, Dankmar and M{\"{u}}hlenbernd, Roland and Yanovich, Igor},
  booktitle = {The Evolution of Language: Proceedings of the 11th International Conference (EVOLANG11)},
  editor = {Roberts, Sean G. and Cuskley, Christine F. and McCrohon, Luke and Barcel{\'{o}}-Coblijn, Lluis and Feh{\'{e}}r, Olga and Verhoef, Tessa},
  title = {{The emergence of the progressive to imperfective diachronic cycle in reinforcement-learning agents}},
  url = {http://evolang.org/neworleans/papers/191.html},
  year = {2016}
}

@inproceedings{Ettlinger2007,
  author = {Ettlinger, Marc},
  booktitle = {Proceedings of the 29th annual conference of the Cognitive Science Society},
  pages = {239--244},
  publisher = {Lawrence Erlbaum},
  title = {{Shifting categories: an exemplar-based computational model of chain shifts}},
  url = {http://faculty.wcas.northwestern.edu/~met179/ling/ettlinger\_2007\_chainshifts\_cogsci.pdf},
  year = {2007}
}

@inproceedings{Ettlinger2007b,
  author = {Ettlinger, Marc},
  booktitle = {Proceedings of the 16th International Congress of the Phonetic Sciences},
  pages = {685--688},
  title = {{An exemplar-based model of chain shifts}},
  url = {http://faculty.wcas.northwestern.edu/~met179/ling/ettlinger\_icphs.pdf},
  year = {2007}
}

@incollection{Evans2009,
  address = {Canberra},
  author = {Evans, Bethwyn},
  booktitle = {Discovering history through language: Papers in honour of Malcolm Ross},
  chapter = {5},
  editor = {Evans, Bethwyn},
  isbn = {978-0-85883-605-1},
  pages = {73--101},
  publisher = {Pacific Linguistics},
  title = {{Beyond pronouns: further evidence for South Bougainville}},
  url = {http://hdl.handle.net/11858/00-001M-0000-000F-F9C3-D},
  year = {2009}
}

@article{Fagyal2010,
  author = {Fagyal, Zsuzsanna and Swarup, Samarth and Escobar, Anna Mar{\'{i}}a and Gasser, Les and Lakkaraju, Kiran},
  doi = {10.1016/j.lingua.2010.02.001},
  issn = {00243841},
  journal = {Lingua},
  number = {8},
  pages = {2061--2079},
  publisher = {Elsevier},
  title = {{Centers and peripheries: Network roles in language change}},
  url = {http://linkinghub.elsevier.com/retrieve/pii/S0024384110000203 http://www.sciencedirect.com/science/article/pii/S0024384110000203},
  volume = {120},
  year = {2010}
}

@article{Featherston2005,
  author = {Featherston, Sam},
  doi = {10.1016/j.lingua.2004.07.003},
  issn = {00243841},
  journal = {Lingua},
  month = {nov},
  number = {11},
  pages = {1525--1550},
  title = {{Magnitude estimation and what it can do for your syntax: some wh-constraints in German}},
  url = {http://linkinghub.elsevier.com/retrieve/pii/S0024384104001044},
  volume = {115},
  year = {2005}
}

@phdthesis{Fedzechkina2014,
  author = {Fedzechkina, Maryia},
  school = {University of Rochester},
  title = {{Communicative efficiency, language learning, and language universals}},
  url = {http://hdl.handle.net/1802/28852},
  year = {2014}
}

@inproceedings{Fedzechkina2016,
  address = {New Orleans},
  author = {Fedzechkina, Maryia and Chu, Becky and Jaeger, T. Florian and Trueswell, John},
  booktitle = {The Evolution of Language: Proceedings of the 11th International Conference (EVOLANG11)},
  title = {{Processing preferences shape language change}},
  url = {http://evolang.org/neworleans/papers/101.html},
  year = {2016}
}

@phdthesis{Ferdinand2015,
  author = {Ferdinand, Vanessa},
  school = {The University of Edinburgh},
  title = {{Inductive evolution: cognition, culture, and regularity in language}},
  url = {http://hdl.handle.net/1842/11741},
  year = {2015}
}

@incollection{Fortescue2006,
  address = {Amsterdam},
  author = {Fortescue, Michael},
  booktitle = {Competing models of linguistic change: evolution and beyond},
  doi = {10.1075/cilt.279.03for},
  editor = {Thomsen, Ole Nedergaard},
  pages = {17--31},
  publisher = {John Benjamins Publishing Company},
  series = {Current Issues in Linguistic Theory},
  title = {{The non-linear nature of diachronic change}},
  url = {https://benjamins.com/catalog/cilt.279.03for},
  volume = {279},
  year = {2006}
}

@article{Foulkes2006,
  author = {Foulkes, Paul and Docherty, Gerard},
  journal = {Journal of Phonetics},
  number = {4},
  pages = {409--438},
  publisher = {Elsevier Science B.V., Amsterdam},
  title = {{The social life of phonetics and phonology}},
  url = {http://dx.doi.org/10.1016/j.wocn.2005.08.002},
  volume = {34},
  year = {2006}
}

@incollection{Foulkes2013,
  address = {Oxford},
  author = {Foulkes, Paul and Vihman, Marilyn},
  booktitle = {The Oxford handbook of historical phonology},
  chapter = {18},
  doi = {10.1093/oxfordhb/9780199232819.013.001},
  editor = {Honeybone, Patrick and Salmons, Joseph},
  publisher = {Oxford University Press},
  title = {{First language acquisition and phonological change}},
  url = {http://oxfordhandbooks.com/view/10.1093/oxfordhb/9780199232819.001.0001/oxfordhb-9780199232819-e-001},
  year = {2013}
}

@incollection{Foulkes2015,
  address = {Hoboken},
  author = {Foulkes, Paul and Hay, Jennifer B.},
  booktitle = {The Handbook of Language Emergence},
  chapter = {13},
  doi = {10.1002/9781118346136.ch13},
  editor = {MacWhinney, Brian and O'Grady, William},
  month = {jan},
  pages = {292--313},
  publisher = {John Wiley \& Sons, Inc.},
  title = {{The emergence of sociophonetic structure}},
  url = {http://doi.wiley.com/10.1002/9781118346136.ch13},
  year = {2015}
}

@article{Fries1949,
  author = {Fries, Charles C. and Pike, Kenneth L.},
  doi = {10.2307/409907},
  issn = {00978507},
  journal = {Language},
  month = {jan},
  number = {1},
  pages = {29--50},
  title = {{Coexistent phonemic systems}},
  url = {http://www.jstor.org/stable/409907?origin=crossref},
  volume = {25},
  year = {1949}
}

@inproceedings{Fruehwald2009,
  address = {Cambridge, Massachusetts},
  author = {Fruehwald, Josef and Gress-Wright, Jonathan and Wallenberg, Joel},
  booktitle = {40th annual meeting of the North East Linguistic Society},
  organization = {Massachusetts Institute of Technology},
  title = {{Phonological rule change: the constant rate effect}},
  url = {http://www.ling.upenn.edu/~joelcw/papers/FGW\_CRE\_NELS40.pdf},
  year = {2009}
}

@phdthesis{Fruehwald2013,
  author = {Fruehwald, Josef},
  school = {University of Pennsylvania},
  title = {{Phonological involvement in phonetic change}},
  url = {http://jofrhwld.github.io/dissertation/fruehwald\_dissertation.html},
  year = {2013}
}

@article{Futrell2015,
  author = {Futrell, Richard and Mahowald, Kyle and Gibson, Edward},
  doi = {10.1073/pnas.1502134112},
  issn = {0027-8424},
  journal = {Proceedings of the National Academy of Sciences},
  month = {aug},
  number = {33},
  pages = {10336--10341},
  title = {{Large-scale evidence of dependency length minimization in 37 languages}},
  url = {http://www.pnas.org/lookup/doi/10.1073/pnas.1502134112},
  volume = {112},
  year = {2015}
}

@incollection{Garrett2013,
  address = {Oxford},
  author = {Garrett, Andrew and Johnson, Keith},
  booktitle = {Origins of Sound Change: Approaches to Phonologization},
  chapter = {3},
  editor = {Yu, Alan C. L.},
  isbn = {9780199573745},
  pages = {51--97},
  publisher = {Oxford University Press},
  title = {{Phonetic bias in sound change}},
  year = {2013}
}

@article{Gerlee2015,
  author = {Gerlee, Philip},
  doi = {10.1101/015529},
  journal = {bioRxiv},
  title = {{Directional variation in evolution: consequences for the fitness landscape metaphor}},
  url = {http://biorxiv.org/lookup/doi/10.1101/015529},
  volume = {015529},
  year = {2015}
}

@article{Ghanbarnejad2014,
  author = {Ghanbarnejad, Fakhteh and Gerlach, Martin and Miotto, Jos{\'{e}} M. and Altmann, Eduardo G.},
  doi = {10.1098/rsif.2014.1044},
  issn = {1742-5662},
  journal = {Journal of the Royal Society, Interface},
  month = {dec},
  number = {101},
  pages = {20141044},
  pmid = {25339692},
  title = {{Extracting information from S-curves of language change}},
  url = {http://rsif.royalsocietypublishing.org/content/11/101/20141044.long},
  volume = {11},
  year = {2014}
}

@article{Gibson1994,
  author = {Gibson, Edward and Wexler, Kenneth},
  journal = {Linguistic Inquiry},
  number = {3},
  pages = {407--454},
  title = {{Triggers}},
  url = {http://www.jstor.org/stable/4178869},
  volume = {25},
  year = {1994}
}

@book{Giles1991,
  address = {Cambridge},
  editor = {Giles, Howard and Coupland, Justine and Coupland, Nikolas},
  isbn = {9780521361514},
  publisher = {Cambridge University Press},
  series = {Studies in Emotion \& Social Interaction},
  title = {{Contexts of accommodation}},
  year = {1991}
}

@incollection{Giles2004,
  address = {Oxford},
  author = {Giles, Howard and Billings, Andrew C.},
  booktitle = {The Handbook of Applied Linguistics},
  chapter = {7},
  doi = {10.1002/9780470757000.ch7},
  editor = {Davies, Alan and Elder, Catherine},
  pages = {187--209},
  publisher = {Blackwell Publishing Ltd},
  title = {{Assessing language attitudes: speaker evaluation studies}},
  url = {http://doi.wiley.com/10.1002/9780470757000.ch7},
  year = {2004}
}

@book{Goldberg1995,
  address = {Chicago},
  author = {Goldberg, Adele E.},
  publisher = {University of Chicago Press},
  title = {{Constructions: a construction grammar approach to argument structure}},
  year = {1995}
}

@article{Goldstone2008,
  author = {Goldstone, Robert L. and Roberts, Michael E. and Gureckis, Todd M.},
  doi = {10.1111/j.1467-8721.2008.00539.x},
  issn = {0963-7214},
  journal = {Current Directions in Psychological Science},
  month = {feb},
  number = {1},
  pages = {10--15},
  title = {{Emergent processes in group behavior}},
  url = {http://cdp.sagepub.com/lookup/doi/10.1111/j.1467-8721.2008.00539.x},
  volume = {17},
  year = {2008}
}

@article{Gong2012,
  author = {Gong, Tao and Shuai, Lan and Tamariz, M{\'{o}}nica and J{\"{a}}ger, Gerhard},
  doi = {10.1371/journal.pone.0033171},
  editor = {Scalas, Enrico},
  issn = {19326203},
  journal = {PLoS ONE},
  number = {3},
  pages = {e33171},
  pmid = {22427981},
  title = {{Studying language change using Price equation and P{\'{o}}lya-urn dynamics}},
  url = {http://www.pubmedcentral.nih.gov/articlerender.fcgi?artid=3299756\&tool=pmcentrez\&rendertype=abstract http://www.ncbi.nlm.nih.gov/pmc/articles/PMC3299756/},
  volume = {7},
  year = {2012}
}

@article{Granovetter1973,
  author = {Granovetter, Mark S.},
  doi = {10.1086/225469},
  isbn = {9783540723462},
  issn = {00029602},
  journal = {American Journal of Sociology},
  number = {6},
  pages = {1360--1380},
  pmid = {19848562},
  title = {{The strength of weak ties}},
  volume = {78},
  year = {1973}
}

@incollection{Graudina1964,
  address = {Moscow},
  author = {Graudina, L.N.},
  booktitle = {Razvitie grammatiki i leksiki sovremennogo russkogo jazyka},
  editor = {Muchnik, Iosif Pavlovich and Panov, Mikhail Viktorovich},
  publisher = {Nauka},
  title = {{Razvitie nulevoj formy roditelnogo mnozestvennogo u sescestvitelnych - jedinic izemerenija}},
  year = {1964}
}

@incollection{Greenberg1954,
  address = {Baltimore},
  author = {Greenberg, Joseph H. and Osgood, Charles Egerton and Saporta, Sol},
  booktitle = {Psycholinguistics: a survey of theory and research problems},
  chapter = {6.3},
  editor = {Osgood, Charles E. and Sebeok, Thomas A.},
  pages = {146--163},
  publisher = {Waverly Press, Inc.},
  title = {{Language change}},
  year = {1954}
}

@incollection{Greenberg1959,
  address = {Washington DC},
  author = {Greenberg, Joseph H.},
  booktitle = {Evolution and anthropology: a centennial appraisal},
  editor = {Meggers, Betty J.},
  publisher = {The Anthropological Society of Washington},
  title = {{Language and evolution}},
  year = {1959}
}

@incollection{Greenberg1963,
  address = {Cambridge, Massachusetts},
  author = {Greenberg, Joseph H.},
  booktitle = {Universals of language},
  editor = {Greenberg, Joseph H.},
  publisher = {MIT Press},
  title = {{Some universals of grammar with particular reference to the order of meaningful elements}},
  url = {https://archive.org/details/universalsoflang00unse},
  year = {1963}
}

@article{Greenhill2010,
  author = {Greenhill, Simon J. and Atkinson, Quentin D. and Meade, Andrew and Gray, Russell D.},
  doi = {10.1098/rspb.2010.0051},
  institution = {Department of Psychology, University of Auckland, Private Bag 92019, Auckland 1042, New Zealand. s.greenhill@auckland.ac.nz},
  issn = {0962-8452},
  journal = {Proceedings of the Royal Society B: Biological Sciences},
  month = {aug},
  number = {1693},
  pages = {2443--2450},
  pmid = {20375050},
  publisher = {The Royal Society},
  title = {{The shape and tempo of language evolution}},
  url = {http://www.pubmedcentral.nih.gov/articlerender.fcgi?artid=2894916\&tool=pmcentrez\&rendertype=abstract http://rspb.royalsocietypublishing.org/cgi/doi/10.1098/rspb.2010.0051},
  volume = {277},
  year = {2010}
}

@article{Griffiths2007,
  author = {Griffiths, Thomas L. and Kalish, Michael L.},
  doi = {10.1080/15326900701326576},
  institution = {University of California, BerkeleyUniversity of Louisiana, Lafayette.},
  journal = {Cognitive Science},
  number = {3},
  pages = {441--480},
  pmid = {21635304},
  publisher = {Lawrence Erlbaum Associates, Inc. 10 Industrial Avenue Mahwah, NJ 07430-2262 USA},
  title = {{Language evolution by Iterated Learning with Bayesian agents}},
  url = {http://cocosci.berkeley.edu/tom/papers/iteratedcogsci.pdf},
  volume = {31},
  year = {2007}
}

@article{Griffiths2013,
  author = {Griffiths, Thomas L. and Lewandowsky, Stephan and Kalish, Michael L.},
  doi = {10.1111/cogs.12045},
  issn = {03640213},
  journal = {Cognitive Science},
  month = {jul},
  number = {5},
  pages = {953--967},
  title = {{The effects of cultural transmission are modulated by the amount of information transmitted}},
  url = {http://dx.doi.org/10.1111/cogs.12045 http://doi.wiley.com/10.1111/cogs.12045},
  volume = {37},
  year = {2013}
}

@book{Grimm1848,
  author = {Grimm, Jacob},
  publisher = {Weidmannsche Buchhandlung},
  title = {{Geschichte der deutschen Sprache}},
  url = {https://archive.org/details/geschichtederde14grimgoog},
  volume = {1},
  year = {1848}
}

@article{Gureckis2009,
  author = {Gureckis, Todd M. and Goldstone, Robert L.},
  doi = {10.1111/j.1756-8765.2009.01046.x},
  issn = {17568757},
  journal = {Topics in Cognitive Science},
  month = {oct},
  number = {4},
  pages = {651--674},
  title = {{How you named your child: understanding the relationship between individual decision making and collective outcomes}},
  url = {http://doi.wiley.com/10.1111/j.1756-8765.2009.01046.x},
  volume = {1},
  year = {2009}
}

@incollection{Guy2003,
  address = {Oxford, UK},
  author = {Guy, Gregory R.},
  booktitle = {The Handbook of Historical Linguistics},
  chapter = {8},
  doi = {10.1002/9780470756393},
  editor = {Joseph, Brian D. and Janda, Richard D.},
  isbn = {9780470756393},
  month = {jan},
  pages = {369--400},
  publisher = {Blackwell Publishing Ltd},
  title = {{Variationist approaches to phonological change}},
  url = {http://www.blackwellreference.com/subscriber/doi?ref=10.1111/b.9781405127479.2004.x http://doi.wiley.com/10.1002/9780470756393},
  year = {2003}
}

@misc{HMM1.0,
  author = {Himmelmann, Lin},
  title = {{HMM - Hidden Markov Models}},
  url = {https://cran.r-project.org/package=HMM},
  year = {2010}
}

@article{Harper2009,
  archiveprefix = {arXiv},
  arxivid = {0911.1763},
  author = {Harper, Marc},
  eprint = {0911.1763},
  journal = {arXiv},
  month = {nov},
  title = {{The replicator equation as an inference dynamic}},
  url = {http://arxiv.org/abs/0911.1763},
  volume = {0911.1763},
  year = {2009}
}

@book{Hartl2007,
  address = {Sunderland, Massachusetts},
  author = {Hartl, Daniel L. and Clark, Andrew G.},
  edition = {Fourth},
  publisher = {Sinauer Associates, Inc.},
  title = {{Principles of population genetics}},
  year = {2007}
}

@article{Haspelmath1999,
  author = {Haspelmath, Martin},
  doi = {10.1515/zfsw.1999.18.2.180},
  issn = {1613-3706},
  journal = {Zeitschrift f{\"{u}}r Sprachwissenschaft},
  month = {jan},
  number = {2},
  pages = {180--205},
  title = {{Optimality and diachronic adaptation}},
  url = {http://www.degruyter.com/view/j/zfsw.1999.18.issue-2/zfsw.1999.18.2.180/zfsw.1999.18.2.180.xml http://blutner.de/ot/dat/haspelmath\_DiaAdapt.pdf},
  volume = {18},
  year = {1999}
}

@incollection{Haspelmath2004directionality,
  address = {Amsterdam},
  author = {Haspelmath, Martin},
  booktitle = {Up and down the cline – the nature of grammaticalization},
  doi = {10.1075/tsl.59.03has},
  editor = {Fischer, Olga and Norde, Muriel and Perridon, Harry},
  isbn = {9789027229694},
  pages = {17--44},
  publisher = {John Benjamins Publishing Company},
  series = {Typological Studies in Language},
  title = {{On directionality in language change with particular reference to grammaticalization}},
  url = {https://benjamins.com/catalog/tsl.59.03has http://wwwstaff.eva.mpg.de/~haspelmt/2004dir.pdf},
  volume = {59},
  year = {2004}
}

@article{Haspelmath2006,
  author = {Haspelmath, Martin},
  doi = {10.1017/S0022226705003683},
  issn = {0022-2267},
  journal = {Journal of Linguistics},
  month = {mar},
  title = {{Against markedness (and what to replace it with)}},
  url = {http://www.journals.cambridge.org/abstract\_S0022226705003683},
  volume = {42},
  year = {2006}
}

@incollection{Haspelmath2008,
  address = {Oxford},
  author = {Haspelmath, Martin},
  booktitle = {Linguistic Universals and Language Change},
  chapter = {8},
  doi = {10.1093/acprof:oso/9780199298495.001.0001},
  editor = {Good, Jeff},
  isbn = {9780199298495},
  month = {jan},
  pages = {185--214},
  publisher = {Oxford University Press},
  title = {{Creating economical morphosyntactic patterns in language change}},
  url = {http://www.oxfordscholarship.com/view/10.1093/acprof:oso/9780199298495.001.0001/acprof-9780199298495},
  year = {2008}
}

@article{Haspelmath2010,
  author = {Haspelmath, Martin},
  doi = {10.1353/lan.2010.0021},
  issn = {15350665},
  journal = {Language},
  month = {sep},
  number = {3},
  pages = {663--687},
  publisher = {Linguistic Society of America},
  title = {{Comparative concepts and descriptive categories in crosslinguistic studies}},
  url = {http://muse.jhu.edu/content/crossref/journals/language/v086/86.3.haspelmath01.html},
  volume = {86},
  year = {2010}
}

@misc{Haspelmath2016,
  author = {Haspelmath, Martin},
  booktitle = {Diversity Linguistics Comment: Language structures throughout the world},
  title = {{The evolution (or diachrony) of “language evolution”}},
  url = {http://dlc.hypotheses.org/894},
  urldate = {2016-08-11},
  year = {2016}
}

@article{Hay2006,
  author = {Hay, Jennifer and Warren, Paul and Drager, Katie},
  doi = {10.1016/j.wocn.2005.10.001},
  issn = {00954470},
  journal = {Journal of Phonetics},
  month = {oct},
  number = {4},
  pages = {458--484},
  title = {{Factors influencing speech perception in the context of a merger-in-progress}},
  url = {http://linkinghub.elsevier.com/retrieve/pii/S0095447005000550},
  volume = {34},
  year = {2006}
}

@article{Hay2007,
  author = {Hay, Jennifer and Bauer, Laurie},
  doi = {10.1353/lan.2007.0071},
  issn = {1535-0665},
  journal = {Language},
  number = {2},
  pages = {388--400},
  title = {{Phoneme inventory size and population size}},
  url = {http://muse.jhu.edu/content/crossref/journals/language/v083/83.2hay.pdf},
  volume = {83},
  year = {2007}
}

@article{Henrich2008,
  author = {Henrich, Joseph and Boyd, Robert and Richerson, Peter J.},
  doi = {10.1007/s12110-008-9037-1},
  issn = {1045-6767},
  journal = {Human Nature},
  month = {apr},
  number = {2},
  pages = {119--137},
  title = {{Five misunderstandings about cultural evolution}},
  url = {http://link.springer.com/10.1007/s12110-008-9037-1},
  volume = {19},
  year = {2008}
}

@article{Herold1997,
  author = {Herold, Ruth},
  doi = {10.1017/S0954394500001861},
  issn = {0954-3945},
  journal = {Language Variation and Change},
  language = {English},
  month = {jul},
  number = {02},
  pages = {165},
  publisher = {Cambridge University Press},
  title = {{Solving the actuation problem: Merger and immigration in eastern Pennsylvania}},
  url = {http://journals.cambridge.org/abstract\_S0954394500001861 http://www.journals.cambridge.org/abstract\_S0954394500001861},
  volume = {9},
  year = {1997}
}

@incollection{Hickey2012,
  author = {Hickey, Raymond},
  booktitle = {The Handbook of Historical Sociolinguistics},
  chapter = {21},
  editor = {Hernandez-Campoy, Juan Manuel and Conde-Silvestre, Juan Camilo},
  pages = {387},
  publisher = {Blackwell},
  title = {{Internally- and externally-motivated language change}},
  year = {2012}
}

@incollection{Hirshleifer1995,
  author = {Hirshleifer, David},
  booktitle = {The New Economics of Human Behaviour},
  chapter = {12},
  editor = {Tommasi, Mariano and Ierulli, Kathryn},
  isbn = {9780521479493},
  pages = {188--215},
  publisher = {Cambridge University Press},
  title = {{The blind leading the blind: social influence, fads and informational cascades}},
  url = {http://papers.ssrn.com/sol3/papers.cfm?abstract\_id=1278625},
  year = {1995}
}

@book{Hockett1958,
  address = {New York},
  author = {Hockett, Charles F.},
  pages = {621},
  publisher = {The Macmillan Company},
  title = {{A course in modern linguistics}},
  year = {1958}
}

@article{Hockett1965,
  author = {Hockett, Charles F.},
  journal = {Language},
  number = {2},
  pages = {185--204},
  title = {{Sound change}},
  url = {http://www.jstor.org/stable/info/411873},
  volume = {41},
  year = {1965}
}

@article{Hodge1970,
  author = {Hodge, Carleton E.},
  journal = {Language Sciences},
  pages = {1--7},
  title = {{The linguistic cycle}},
  url = {http://www.public.asu.edu/~gelderen/Hodge-1970.pdf},
  volume = {13},
  year = {1970}
}

@book{Hopper1993,
  address = {Cambridge},
  author = {Hopper, Paul J. and Traugott, Elizabeth Closs},
  publisher = {Cambridge University Press},
  title = {{Grammaticalization}},
  year = {1993}
}

@article{Hruschka2009,
  author = {Hruschka, Daniel J and Christiansen, Morten H. and Blythe, Richard A. and Croft, William and Heggarty, Paul and Mufwene, Salikoko S. and Pierrehumbert, Janet B. and Poplack, Shana},
  doi = {10.1016/j.tics.2009.08.008},
  institution = {School of Human Evolution and Social Change, Arizona State University, PO Box 872402, Tempe, AZ 85287-2402, USA. Daniel.Hruschka@asu.edu},
  issn = {1879-307X},
  journal = {Trends in Cognitive Sciences},
  month = {nov},
  number = {11},
  pages = {464--469},
  pmid = {19815450},
  publisher = {Elsevier},
  title = {{Building social cognitive models of language change}},
  url = {http://www.ncbi.nlm.nih.gov/pubmed/19815450},
  volume = {13},
  year = {2009}
}

@article{HudsonKam2005,
  author = {{Hudson Kam}, Carla L. and Newport, Elissa L.},
  doi = {10.1080/15475441.2005.9684215},
  issn = {1547-5441},
  journal = {Language Learning and Development},
  month = {apr},
  number = {2},
  pages = {151--195},
  title = {{Regularizing unpredictable variation: the roles of adult and child learners in language formation and change}},
  url = {http://www.tandfonline.com/doi/abs/10.1080/15475441.2005.9684215},
  volume = {1},
  year = {2005}
}

@book{Hull1988,
  author = {Hull, David L.},
  isbn = {9780226360515},
  publisher = {University of Chicago Press},
  title = {{Science as a Process}},
  year = {1988}
}

@article{Imhof2006,
  author = {Imhof, Lorens A. and Nowak, Martin A.},
  doi = {10.1007/s00285-005-0369-8},
  issn = {0303-6812},
  journal = {Journal of Mathematical Biology},
  month = {may},
  number = {5},
  pages = {667--681},
  pmid = {16463183},
  title = {{Evolutionary game dynamics in a Wright-Fisher process}},
  url = {http://link.springer.com/10.1007/s00285-005-0369-8},
  volume = {52},
  year = {2006}
}

@incollection{Jaeger2009,
  address = {Cambridge, Massachusetts},
  author = {Jaeger, Herbert and Steels, Luc and Baronchelli, Andrea and Briscoe, Ted and Christiansen, Morten H. and Griffiths, Thomas L. and J{\"{a}}ger, Gerhard and Kirby, Simon and Komarova, Natalia L. and Richerson, Peter J. and Triesch, Jochen},
  booktitle = {Biological Foundations and Origin of Syntax},
  chapter = {18},
  editor = {Bickerton, Derek and Szathm{\'{a}}ry, E{\"{o}}rs},
  isbn = {978-0-262-01356-7},
  pages = {385--410},
  publisher = {MIT Press},
  title = {{What can mathematical, computational and robotic models tell us about the origins of syntax?}},
  year = {2009}
}

@article{Jaeger2010,
  author = {Jaeger, T. Florian and Tily, Harry},
  doi = {10.1002/wcs.126},
  issn = {19395078},
  journal = {Wiley Interdisciplinary Reviews: Cognitive Science},
  number = {3},
  pages = {323--335},
  title = {{On language ‘utility': processing complexity and communicative efficiency}},
  url = {http://doi.wiley.com/10.1002/wcs.126},
  volume = {2},
  year = {2010}
}

@article{Jaeger2013,
  author = {Jaeger, T. Florian and Snider, Neal E.},
  doi = {10.1016/j.cognition.2012.10.013},
  issn = {1873-7838},
  journal = {Cognition},
  month = {apr},
  number = {1},
  pages = {57--83},
  pmid = {23354056},
  title = {{Alignment as a consequence of expectation adaptation: syntactic priming is affected by the prime's prediction error given both prior and recent experience}},
  url = {http://www.ncbi.nlm.nih.gov/pubmed/23354056},
  volume = {127},
  year = {2013}
}

@incollection{Jager2008,
  address = {London},
  author = {J{\"{a}}ger, Gerhard},
  booktitle = {Language in flux: Dialogue coordination, language variation, change and evolution},
  editor = {Cooper, Robin and Kempson, Ruth},
  pages = {53--80},
  publisher = {College Publications},
  title = {{Language evolution and George Price's "General theory of selection"}},
  url = {http://www.sfs.uni-tuebingen.de/~gjaeger/publications/leverhulme.pdf},
  year = {2008}
}

@phdthesis{Jamieson2015,
  author = {Jamieson, E},
  school = {The University of Edinburgh},
  title = {{An investigation of verb raising in the Shetland dialect of Scots}},
  type = {MSc Dissertation},
  url = {http://hdl.handle.net/1842/16546},
  year = {2015}
}

@incollection{Jamieson2016,
  address = {London},
  author = {Jamieson, E},
  booktitle = {Beyond Borealism: New Perspectives on the North},
  editor = {Giles, Ian and Chapot, Laura and Cooijmans, Christian and Foster, Ryan and Tesio, Barbara},
  isbn = {9781909408333},
  pages = {98--116},
  publisher = {Norvik Press Ltd.},
  title = {{Imperative commands in the Shetland dialect of Scots: Nordic origins?}},
  year = {2016}
}

@book{Jespersen1922,
  address = {London},
  author = {Jespersen, Otto},
  publisher = {George Allen \& Unwin Ltd.},
  title = {{Language: its nature, development and origin}},
  url = {https://archive.org/details/languageitsnatur00jespiala},
  year = {1922}
}

@book{Jespersen1949,
  address = {K{\o}benhavn},
  author = {Jespersen, Otto},
  edition = {2nd},
  pages = {90},
  publisher = {Ejnar Munksgaard},
  series = {Det Kgl. Danske videnskabernes selskab. Historisk-filologiske meddelelser},
  title = {{Efficiency in linguistic change}},
  year = {1949}
}

@incollection{Jonas2002,
  address = {Oxford},
  author = {Jonas, Dianne},
  booktitle = {Syntactic effects of morphological change},
  chapter = {14},
  editor = {Lightfoot, David W.},
  pages = {251--270},
  publisher = {Oxford University Press},
  title = {{Residual V-to-I}},
  url = {https://books.google.com/books?id=C-MXVYAg2H8C\&pg=PA251},
  year = {2002}
}

@incollection{Jones1799,
  address = {London},
  author = {Jones, Sir William},
  booktitle = {The Works of Sir William Jones},
  pages = {19--34},
  publisher = {Robinson},
  title = {{The third anniversary discourse, delivered 2 February, 1786: "On the Hind{\'{u}}s"}},
  url = {http://gretil.sub.uni-goettingen.de/gretil\_elib/Jon786\_\_Jones\_3rdAnniversaryDiscourse1799.pdf},
  volume = {1},
  year = {1799}
}

@book{Joseph2000,
  address = {Amsterdam},
  author = {Joseph, John E.},
  doi = {10.1075/sihols.96},
  isbn = {978 90 272 4585 4},
  month = {oct},
  publisher = {John Benjamins Publishing Company},
  series = {Studies in the History of the Language Sciences},
  title = {{Limiting the Arbitrary: linguistic naturalism and its opposites in Plato's Cratylus and modern theories of language}},
  url = {http://www.jbe-platform.com/content/books/9789027283726},
  volume = {96},
  year = {2000}
}

@incollection{Joseph2013,
  address = {Amsterdam},
  author = {Joseph, Brian D.},
  booktitle = {Shared Grammaticalization: With special focus on the Transeurasian languages},
  chapter = {3},
  doi = {10.1075/slcs.132.08jos},
  pages = {43--66},
  publisher = {John Benjamins Publishing Company},
  series = {Studies in Language Companion Series 132},
  title = {{Demystifying drift: a variationist account}},
  url = {https://benjamins.com/catalog/slcs.132.08jos},
  year = {2013}
}

@article{Joseph2015,
  author = {Joseph, John E.},
  doi = {10.1075/hl.42.1.05jos},
  issn = {0302-5160},
  journal = {Historiographia Linguistica},
  number = {1},
  pages = {85--105},
  title = {{Iconicity in Saussure's linguistic work, and why it does not contradict the arbitrariness of the sign}},
  url = {http://www.jbe-platform.com/content/journals/10.1075/hl.42.1.05jos},
  volume = {42},
  year = {2015}
}

@book{Jurafsky2008,
  author = {Jurafsky, Dan and Martin, James H.},
  edition = {2nd},
  isbn = {978-0131873216},
  publisher = {Prentice Hall},
  title = {{Speech and Language Processing}},
  year = {2008}
}

@article{Kanwal2017,
  author = {Kanwal, Jasmeen and Smith, Kenny and Culbertson, Jennifer and Kirby, Simon},
  journal = {Cognition},
  number = {in press},
  title = {{Language users optimise form-meaning mappings for efficient communication}},
  year = {2017}
}

@article{Kaplan2008,
  author = {Kaplan, Jonathan},
  doi = {10.1007/s10539-008-9116-z},
  issn = {0169-3867},
  journal = {Biology \& Philosophy},
  month = {nov},
  number = {5},
  pages = {625--638},
  title = {{The end of the adaptive landscape metaphor?}},
  url = {http://link.springer.com/10.1007/s10539-008-9116-z},
  volume = {23},
  year = {2008}
}

@article{Kataoka2000,
  author = {Kataoka, Nobuhide and Kaneko, Kunihiko},
  institution = {Department of Pure and Applied Sciences, University of Tokyo, Komaba, Meguro-ku, 153-8902, Tokyo, Japan. kataoka@aurora.es.kokuai.ac.jp},
  journal = {Bio Systems},
  number = {1},
  pages = {1--11},
  pmid = {10963861},
  title = {{Natural language from function dynamics}},
  volume = {57},
  year = {2000}
}

@inproceedings{Kauhanen2015,
  address = {Naples},
  author = {Kauhanen, Henri and Walkden, George},
  booktitle = {22nd International Conference on Historical Linguistics},
  title = {{A population dynamic mechanism for the constant rate effect (and beyond)}},
  year = {2015}
}

@article{Kauhanen2018,
  author = {Kauhanen, Henri},
  doi = {10.1017/S0022226716000141},
  issn = {0022-2267},
  journal = {Journal of Linguistics},
  month = {apr},
  number = {2},
  pages = {327--358},
  title = {{Neutral change}},
  url = {http://www.journals.cambridge.org/abstract\_S0022226716000141 https://www.cambridge.org/core/product/identifier/S0022226716000141/type/journal\_article},
  volume = {53},
  year = {2017}
}

@techreport{Kerswill1994,
  address = {Swindon, UK},
  author = {Kerswill, Paul and Williams, Ann},
  institution = {Economic and Social Research Council (ESRC)},
  pages = {78},
  title = {{A new dialect in a new city Childrens' and adults' speech in Milton Keynes}},
  url = {http://hdl.handle.net/10068/452815},
  year = {1994}
}

@article{Kerswill1996,
  author = {Kerswill, Paul},
  doi = {10.1017/S0954394500001137},
  issn = {0954-3945},
  journal = {Language Variation and Change},
  number = {2},
  pages = {177--202},
  title = {{Children, adolescents, and language change}},
  url = {http://www.journals.cambridge.org/abstract\_S0954394500001137},
  volume = {8},
  year = {1996}
}

@article{Kimura1968,
  author = {Kimura, Motoo},
  journal = {Nature},
  pages = {624--626},
  title = {{Evolutionary rate at the molecular level}},
  url = {http://www.uv.mx/personal/tcarmona/files/2010/08/Kimura-1968.pdf http://www.sns.ias.edu/~tlusty/courses/landmark/Kimura1968.pdf},
  volume = {217},
  year = {1968}
}

@article{Kimura1969,
  author = {Kimura, Motoo and Ohta, Tomoko},
  journal = {Genetics},
  number = {3},
  pages = {763--771},
  title = {{The average number of generations until fixation of a mutant gene in a finite population}},
  volume = {61},
  year = {1969}
}

@book{Kimura1983,
  address = {Cambridge},
  author = {Kimura, Motoo},
  isbn = {0-521-23109-4},
  publisher = {Cambridge University Press},
  title = {{The neutral theory of molecular evolution}},
  year = {1983}
}

@article{Kingsland1982,
  author = {Kingsland, Sharon},
  doi = {10.1086/412574},
  isbn = {Statistical analysis},
  issn = {0033-5770},
  journal = {The Quarterly Review of Biology},
  month = {mar},
  number = {1},
  pages = {29},
  title = {{The refractory model: the logistic curve and the history of population ecology}},
  url = {http://www.journals.uchicago.edu/doi/abs/10.1086/412574 http://www.jstor.org/stable/2825134},
  volume = {57},
  year = {1982}
}

@incollection{Kiparsky1968,
  address = {New York},
  author = {Kiparsky, Paul},
  booktitle = {Universals in linguistic theory},
  editor = {Bach, Emmon and Harms, Robert T.},
  isbn = {0039100774},
  pages = {170--202},
  publisher = {Holt, Rinehart, and Winston},
  title = {{Linguistic universals and linguistic change}},
  year = {1968}
}

@incollection{Kiparsky2014,
  address = {London},
  author = {Kiparsky, Paul},
  booktitle = {The Routledge Handbook of Historical Linguistics},
  editor = {Bowern, Claire and Evans, Bethwyn},
  publisher = {Routledge},
  title = {{New perspectives in historical linguistics}},
  year = {2014}
}

@book{Kirby1999,
  address = {Oxford},
  author = {Kirby, Simon},
  isbn = {978-0-19-823811-9},
  pages = {172},
  publisher = {Oxford University Press},
  title = {{Function, selection, and innateness}},
  year = {1999}
}

@incollection{Kirby2000,
  address = {Cambridge},
  author = {Kirby, Simon},
  booktitle = {The evolutionary emergence of language: social function and the origins of linguistic form},
  doi = {10.1.1.52.8080},
  editor = {Knight, Chris and Studdert-Kennedy, M. and Hurford, James R.},
  pages = {303--323},
  publisher = {Cambridge University Press},
  title = {{Syntax without natural selection: how compositionality emerges from vocabulary in a population of learners}},
  url = {http://www.isrl.uiuc.edu/~amag/langev/paper/kirby00syntaxWithout.html},
  year = {2000}
}

@incollection{Kirby2002,
  address = {Cambridge},
  author = {Kirby, Simon},
  booktitle = {Linguistic evolution through language acquisition. Formal and computational models},
  editor = {Briscoe, Edward J.},
  publisher = {Cambridge University Press},
  title = {{Learning, bottlenecks and the evolution of recursive syntax}},
  year = {2002}
}

@article{Kirby2004,
  author = {Kirby, Simon and Smith, Kenny and Brighton, Henry},
  doi = {10.1075/sl.28.3.09kir},
  issn = {0378-4177},
  journal = {Studies in Language},
  month = {sep},
  number = {3},
  pages = {587--607},
  title = {{From UG to universals: linguistic adaptation through iterated learning}},
  url = {http://www.jbe-platform.com/content/journals/10.1075/sl.28.3.09kir},
  volume = {28},
  year = {2004}
}

@article{Kirby2007,
  author = {Kirby, Simon and Dowman, Mike and Griffiths, Thomas L.},
  doi = {10.1073/pnas.0608222104},
  issn = {0027-8424},
  journal = {Proceedings of the National Academy of Sciences of the United States of America},
  month = {mar},
  number = {12},
  pages = {5241--5245},
  pmid = {17360393},
  title = {{Innateness and culture in the evolution of language}},
  url = {http://www.pnas.org/content/104/12/5241.short},
  volume = {104},
  year = {2007}
}

@article{Kirby2008,
  author = {Kirby, Simon and Cornish, Hannah and Smith, Kenny},
  institution = {School of Philosophy, Psychology, and Language Sciences, University of Edinburgh, Edinburgh EH8 9LL, United Kingdom. simon@ling.ed.ac.uk},
  journal = {Proceedings of the National Academy of Sciences of the United States of America},
  number = {31},
  pages = {10681--10686},
  publisher = {National Academy of Sciences},
  title = {{Cumulative cultural evolution in the laboratory: an experimental approach to the origins of structure in human language}},
  url = {http://www.pubmedcentral.nih.gov/articlerender.fcgi?artid=2504810\&tool=pmcentrez\&rendertype=abstract},
  volume = {105},
  year = {2008}
}

@incollection{Kirby2013,
  address = {Oxford},
  author = {Kirby, James P},
  booktitle = {Origins of Sound Change: Approaches to Phonologization},
  chapter = {11},
  editor = {Yu, Alan C L},
  isbn = {978-0-19-957374-5},
  publisher = {Oxford University Press},
  title = {{The role of probabilistic enhancement in phonologization}},
  year = {2013}
}

@inproceedings{Kirby2013cogsci,
  author = {Kirby, James and Sonderegger, Morgan},
  booktitle = {Proceedings of the 35th Annual Meeting of the Cognitive Science Society},
  pages = {776--781},
  title = {{A model of population dynamics applied to phonetic change}},
  year = {2013}
}

@article{Kirby2015,
  author = {Kirby, Simon and Tamariz, Monica and Cornish, Hannah and Smith, Kenny},
  doi = {10.1016/j.cognition.2015.03.016},
  issn = {00100277},
  journal = {Cognition},
  month = {aug},
  pages = {87--102},
  title = {{Compression and communication in the cultural evolution of linguistic structure}},
  url = {http://linkinghub.elsevier.com/retrieve/pii/S0010027715000815},
  volume = {141},
  year = {2015}
}

@article{Knooihuizen2009,
  author = {Knooihuizen, Remco},
  doi = {10.1017/S1360674309990207},
  issn = {1360-6743},
  journal = {English Language and Linguistics},
  month = {nov},
  number = {03},
  pages = {483},
  title = {{Shetland Scots as a new dialect: phonetic and phonological considerations}},
  url = {http://www.journals.cambridge.org/abstract\_S1360674309990207},
  volume = {13},
  year = {2009}
}

@inproceedings{Kroch1982,
  address = {Chicago},
  author = {Kroch, Anthony S. and Pintzuk, Susan and Myhill, John},
  booktitle = {Papers from the 18th Regional Meeting of the Chicago Linguistics Society},
  pages = {282--294},
  publisher = {Chicago Linguistics Society},
  title = {{Understanding "do"}},
  year = {1982}
}

@article{Kroch1989cr,
  author = {Kroch, Anthony S.},
  doi = {10.1017/S0954394500000168},
  issn = {0954-3945},
  journal = {Language Variation and Change},
  month = {nov},
  number = {03},
  pages = {199--244},
  title = {{Reflexes of grammar in patterns of language change}},
  url = {http://www.journals.cambridge.org/abstract\_S0954394500000168},
  volume = {1},
  year = {1989}
}

@incollection{Kroch1989do,
  address = {Amsterdam/Philadelphia},
  author = {Kroch, Anthony S.},
  booktitle = {Language Change and Variation},
  editor = {Fasold, Ralph and Schiffrin, Deborah},
  pages = {133--172},
  publisher = {John Benjamins Publishing Company},
  series = {Current issues in linguistic theory 52},
  title = {{Function and grammar in the history of English: periphrastic do}},
  url = {ftp://babel.ling.upenn.edu/papers/faculty/tony\_kroch/papers/function-grammar-do.pdf},
  year = {1989}
}

@inproceedings{Kroch1994,
  author = {Kroch, Anthony S.},
  booktitle = {Papers from the 30th Regional Meeting of the Chicago Linguistics Society: Parasession on Variation and Linguistic Theory},
  editor = {Beals, Katherine},
  title = {{Morphosyntactic variation}},
  url = {http://grammar.ucsd.edu/courses/lign270/Kroch\_1994.pdf},
  year = {1994}
}

@incollection{Kroch2001,
  address = {Malden, Massachusetts},
  author = {Kroch, Anthony S.},
  booktitle = {The Handbook of Contemporary Syntactic Theory},
  chapter = {22},
  editor = {Baltin, Mark and Collins, Chris},
  isbn = {978-0-631-20507-4},
  pages = {698--729},
  publisher = {Blackwell Publishers},
  series = {Blackwell handbooks in linguistics},
  title = {{Syntactic change}},
  url = {http://web.stanford.edu/~kiparsky/Papers/kroch01.pdf},
  year = {2001}
}

@article{Kroeber1919,
  author = {Kroeber, Alfred Louis},
  doi = {10.1525/aa.1919.21.3.02a00010},
  issn = {00027294},
  journal = {American Anthropologist},
  month = {jul},
  number = {3},
  pages = {235--263},
  title = {{On the principle of order in civilization as exemplified by changes of fashion}},
  url = {http://www.jstor.org/stable/660477 http://doi.wiley.com/10.1525/aa.1919.21.3.02a00010},
  volume = {21},
  year = {1919}
}

@article{LCAS2009,
  author = {Beckner, Clay and Blythe, Richard and Bybee, Joan and Christiansen, Morten H. and Croft, William and Ellis, Nick C. and Holland, John and Ke, Jinyun and Larsen-Freeman, Diane and Schoenemann, Tom},
  doi = {10.1111/j.1467-9922.2009.00533.x},
  institution = {University of Michigan},
  issn = {00238333},
  journal = {Language Learning},
  number = {December},
  pages = {1--26},
  publisher = {Wiley-Blackwell},
  title = {{Language is a complex adaptive system: position paper}},
  url = {http://doi.wiley.com/10.1111/j.1467-9922.2009.00533.x},
  volume = {59},
  year = {2009}
}

@book{Labov1966,
  address = {Washington DC},
  author = {Labov, William},
  publisher = {Center for Applied Linguistics},
  title = {{The social stratification of English in New York City}},
  year = {1966}
}

@incollection{Labov1966a,
  address = {The Hague},
  author = {Labov, William},
  booktitle = {Sociolinguistics},
  editor = {Bright, William},
  publisher = {Mouton},
  title = {{Hypercorrection by the lower middle class as a factor in linguistic change}},
  year = {1966}
}

@book{Labov1972,
  address = {Philadelphia},
  author = {Labov, William},
  publisher = {University of Pennsylvania Press},
  title = {{Sociolinguistic patterns}},
  year = {1972}
}

@article{Labov1989,
  author = {Labov, William},
  doi = {10.1017/S0954394500000120},
  issn = {0954-3945},
  journal = {Language Variation and Change},
  number = {1},
  pages = {85--97},
  title = {{The child as linguistic historian}},
  volume = {1},
  year = {1989}
}

@article{Labov1990,
  author = {Labov, William},
  doi = {10.1017/S0954394500000338},
  issn = {0954-3945},
  journal = {Language Variation and Change},
  month = {jul},
  number = {2},
  pages = {205--254},
  title = {{The intersection of sex and social class in the course of linguistic change}},
  url = {http://www.journals.cambridge.org/abstract\_S0954394500000338},
  volume = {2},
  year = {1990}
}

@book{Labov1994,
  address = {Malden, Massachusetts},
  author = {Labov, William},
  publisher = {Wiley-Blackwell},
  series = {Language in Society 20},
  title = {{Principles of linguistic change: Internal factors}},
  volume = {1},
  year = {1994}
}

@book{Labov2001,
  address = {Malden, Massachusetts},
  author = {Labov, William},
  publisher = {Wiley-Blackwell},
  series = {Language in Society 29},
  title = {{Principles of linguistic change: Social factors}},
  volume = {2},
  year = {2001}
}

@inproceedings{Labov2002,
  address = {Seoul},
  author = {Labov, William},
  booktitle = {2002 International Conference on Korean Linguistics},
  organization = {Seoul National University},
  title = {{Driving forces in linguistic change}},
  url = {http://www.ling.upenn.edu/~wlabov/Papers/DFLC.htm},
  year = {2002}
}

@book{Labov2010,
  address = {Malden, Massachusetts},
  author = {Labov, William},
  isbn = {978-1-4051-1214-7},
  pages = {448},
  publisher = {Wiley-Blackwell},
  series = {Language in Society 39},
  title = {{Principles of linguistic change: Cognitive and cultural factors}},
  volume = {3},
  year = {2010}
}

@article{Labov2012,
  author = {Labov, William},
  doi = {10.1075/rcl.10.2.02lab},
  issn = {18779751},
  journal = {Review of Cognitive Linguistics},
  number = {2},
  pages = {265--293},
  title = {{What is to be learned: The community as the focus of social cognition}},
  url = {sci-hub.io/10.1075/rcl.10.2.02lab},
  volume = {10},
  year = {2012}
}

@incollection{Labov2014,
  author = {Labov, William},
  booktitle = {Advances in Sociophonetics},
  chapter = {1},
  doi = {10.1075/silv.15.01lab},
  editor = {Celata, Chiara and Calamai, Silvia},
  isbn = {9789027234957},
  pages = {17--29},
  publisher = {John Benjamins Publishing Company},
  series = {Studies in Language Variation 15},
  title = {{The sociophonetic orientation of the language learner}},
  url = {http://books.google.co.uk/books?id=-Iu0AwAAQBAJ\&lpg=PA17\&dq=The sociophonetic orientation of the language learner\&pg=PA17{\#}v=onepage\&q\&f=false https://benjamins.com/catalog/silv.15.01lab},
  year = {2014}
}

@article{Ladd2015,
  author = {Ladd, D. Robert and Roberts, Se{\'{a}}n G. and Dediu, Dan},
  doi = {10.1146/annurev-linguist-030514-124819},
  issn = {2333-9683},
  journal = {Annual Review of Linguistics},
  month = {jan},
  number = {1},
  pages = {221--241},
  title = {{Correlational studies in typological and historical linguistics}},
  url = {http://www.annualreviews.org/doi/abs/10.1146/annurev-linguist-030514-124819},
  volume = {1},
  year = {2015}
}

@article{Larsen-Freeman1997,
  author = {Larsen-Freeman, Diane},
  doi = {10.1093/applin/18.2.141},
  issn = {0142-6001},
  journal = {Applied Linguistics},
  month = {jun},
  number = {2},
  pages = {141--165},
  title = {{Chaos/Complexity Science and Second Language Acquisition}},
  url = {http://applij.oxfordjournals.org/cgi/doi/10.1093/applin/18.2.141},
  volume = {18},
  year = {1997}
}

@book{Lass1980,
  address = {Cambridge},
  author = {Lass, Roger},
  isbn = {0521228360},
  publisher = {Cambridge University Press},
  title = {{On explaining language change}},
  year = {1980}
}

@article{Lass1990,
  author = {Lass, Roger},
  doi = {10.1017/S0022226700014432},
  issn = {00222267},
  journal = {Journal of Linguistics},
  number = {1},
  pages = {79--102},
  title = {{How to do things with junk: exaptation in language evolution}},
  url = {http://www.jstor.org/stable/4176037},
  volume = {26},
  year = {1990}
}

@inproceedings{Lau2016,
  address = {Washington DC},
  author = {Lau, Tyler},
  booktitle = {90th Annual Meeting of the Linguistic Society of America (LSA)},
  title = {{Modeling the gender system mergers from Latin to Romance}},
  url = {http://www.linguisticsociety.org/abstract/modeling-gender-system-mergers-latin-romance},
  year = {2016}
}

@book{LePage1985,
  address = {Cambridge},
  author = {{Le Page}, Robert B. and Tabouret-Keller, Andr{\'{e}}e},
  isbn = {9780521316040},
  publisher = {Cambridge University Press},
  title = {{Acts of identity: creole-based approaches to language and ethnicity}},
  year = {1985}
}

@article{Lewis2012,
  author = {Lewis, Hannah M. and Laland, Kevin N.},
  doi = {10.1098/rstb.2012.0119},
  issn = {1471-2970},
  journal = {Philosophical Transactions of the Royal Society B: Biological Sciences},
  month = {aug},
  number = {1599},
  pages = {2171--2180},
  pmid = {22734060},
  title = {{Transmission fidelity is the key to the build-up of cumulative culture}},
  url = {http://www.pubmedcentral.nih.gov/articlerender.fcgi?artid=3385684\&tool=pmcentrez\&rendertype=abstract},
  volume = {367},
  year = {2012}
}

@article{Lieberman2007,
  author = {Lieberman, Erez and Michel, Jean-Baptiste and Jackson, Joe and Tang, Tina and Nowak, Martin A.},
  doi = {10.1038/nature06137},
  issn = {1476-4687},
  journal = {Nature},
  language = {en},
  month = {oct},
  number = {7163},
  pages = {713--716},
  pmid = {17928859},
  publisher = {Nature Publishing Group},
  title = {{Quantifying the evolutionary dynamics of language}},
  url = {http://www.nature.com/nature/journal/v449/n7163/full/nature06137.html},
  volume = {449},
  year = {2007}
}

@book{Lightfoot1991,
  address = {Cambridge, Massachusetts},
  author = {Lightfoot, David},
  publisher = {MIT Press},
  title = {{How to set parameters: Arguments from language change}},
  year = {1991}
}

@article{Lightfoot2010,
  author = {Lightfoot, David},
  doi = {10.1002/wcs.39},
  issn = {19395078},
  journal = {Wiley Interdisciplinary Reviews: Cognitive Science},
  month = {apr},
  number = {5},
  pages = {677--684},
  title = {{Language acquisition and language change}},
  url = {http://doi.wiley.com/10.1002/wcs.39},
  volume = {1},
  year = {2010}
}

@book{Lindgren1953,
  address = {Helsinki},
  author = {Lindgren, Kaj Brynolf},
  number = {2},
  pages = {225},
  publisher = {Suomalaisen Tiedeakatemian Toimituksia},
  series = {Annales Academiae scientiarum fennicae},
  title = {{Die Apokope des Mhd. -e in seinen verschiedenen Funktionen}},
  volume = {78},
  year = {1953}
}

@unpublished{Livingstone2000,
  author = {Livingstone, Daniel},
  number = {August},
  title = {{Neutral evolution and linguistic diversity}},
  url = {http://cis.paisley.ac.uk/research/reports/},
  volume = {9},
  year = {2000}
}

@article{Lupyan2010,
  author = {Lupyan, Gary and Dale, Rick},
  doi = {10.1371/journal.pone.0008559},
  issn = {1932-6203},
  journal = {PloS one},
  month = {jan},
  number = {1},
  pages = {e8559},
  pmid = {20098492},
  publisher = {Public Library of Science},
  title = {{Language structure is partly determined by social structure}},
  url = {http://dx.plos.org/10.1371/journal.pone.0008559},
  volume = {5},
  year = {2010}
}

@incollection{Luraghi2010,
  address = {London},
  author = {Luraghi, Silvia},
  booktitle = {Continuum Companion to Historical Linguistics},
  editor = {Luraghi, Silvia and Bubenik, Vit},
  pages = {358--370},
  publisher = {Continuum International Publishing Group},
  title = {{Causes of language change}},
  year = {2010}
}

@book{MacWhinney2014,
  address = {Oxford},
  doi = {10.1093/acprof:oso/9780198709848.001.0001},
  editor = {MacWhinney, Brian and Malchukov, Andrej and Moravcsik, Edith},
  isbn = {9780198709848},
  month = {oct},
  pages = {472},
  publisher = {Oxford University Press},
  title = {{Competing motivations in grammar and usage}},
  url = {http://www.oxfordscholarship.com/view/10.1093/acprof:oso/9780198709848.001.0001/acprof-9780198709848},
  year = {2014}
}

@article{Maegaard2013,
  author = {Maegaard, Marie and Jensen, Torben Juel and Kristiansen, Tore and J{\o}rgensen, Jens Normann},
  doi = {10.1111/josl.12002},
  issn = {13606441},
  journal = {Journal of Sociolinguistics},
  month = {feb},
  number = {1},
  pages = {3--36},
  title = {{Diffusion of language change: Accommodation to a moving target}},
  url = {http://doi.wiley.com/10.1111/josl.12002},
  volume = {17},
  year = {2013}
}

@article{Mahowald2013,
  author = {Mahowald, Kyle and Fedorenko, Evelina and Piantadosi, Steven T. and Gibson, Edward},
  doi = {10.1016/j.cognition.2012.09.010},
  issn = {00100277},
  journal = {Cognition},
  month = {feb},
  number = {2},
  pages = {313--318},
  title = {{Info/information theory: Speakers choose shorter words in predictive contexts}},
  url = {http://linkinghub.elsevier.com/retrieve/pii/S0010027712002107},
  volume = {126},
  year = {2013}
}

@book{Martinet1955,
  address = {Bern},
  author = {Martinet, Andr{\'{e}}},
  pages = {388},
  publisher = {A. Francke},
  title = {{{\'{E}}conomie des changements phon{\'{e}}tiques: trait{\'{e}} de phonologie diachronique}},
  year = {1955}
}

@article{Matthews2012,
  author = {Matthews, Cristina and Roberts, Gareth and Caldwell, Christine A.},
  doi = {10.1016/j.evolhumbehav.2012.06.004},
  issn = {10905138},
  journal = {Evolution and Human Behavior},
  month = {nov},
  number = {6},
  pages = {759--770},
  publisher = {Elsevier},
  title = {{Opportunity to assimilate and pressure to discriminate can generate cultural divergence in the laboratory}},
  url = {http://www.ehbonline.org/article/S1090-5138(12)00065-7/abstract},
  volume = {33},
  year = {2012}
}

@book{McMahon1994,
  address = {Cambridge},
  author = {McMahon, April M. S.},
  doi = {10.1017/CBO9781139166591},
  isbn = {9781139166591},
  publisher = {Cambridge University Press},
  title = {{Understanding language change}},
  url = {http://catdir.loc.gov/catdir/samples/cam031/93008121.pdf http://ebooks.cambridge.org/ref/id/CBO9781139166591},
  year = {1994}
}

@book{McMahon2005,
  author = {McMahon, April and McMahon, Robert},
  isbn = {9780199279012},
  pages = {265},
  publisher = {Oxford University Press},
  title = {{Language classification by numbers}},
  url = {https://books.google.com/books?id=Hl3HPyT4WcQC\&printsec=frontcover},
  year = {2005}
}

@book{Meillet1926,
  address = {Paris},
  author = {Meillet, Antoine},
  edition = {2nd},
  publisher = {Librairie Ancienne Honore Champion},
  title = {{Linguistique historique et linguistique g{\'{e}}n{\'{e}}rale}},
  url = {https://archive.org/details/linguistiquehist00meil},
  year = {1926}
}

@article{Mesoudi2009,
  author = {Mesoudi, Alex and Lycett, Stephen J.},
  doi = {10.1016/j.evolhumbehav.2008.07.005},
  issn = {10905138},
  journal = {Evolution and Human Behavior},
  number = {1},
  pages = {41--48},
  publisher = {Elsevier Inc.},
  title = {{Random copying, frequency-dependent copying and culture change}},
  url = {http://linkinghub.elsevier.com/retrieve/pii/S1090513808000810},
  volume = {30},
  year = {2009}
}

@book{Mesoudi2011,
  address = {Chicago},
  author = {Mesoudi, Alex},
  isbn = {9780226520445},
  publisher = {University of Chicago Press},
  title = {{Cultural Evolution}},
  url = {http://www.press.uchicago.edu/ucp/books/book/chicago/C/bo8787504.html},
  year = {2011}
}

@inproceedings{Michaud2016,
  address = {New Orleans},
  author = {Michaud, J{\'{e}}r{\^{o}}me},
  booktitle = {The Evolution of Language: Proceedings of the 11th International Conference (EVOLANG11)},
  title = {{Linking the processes of language evolution and language change: a five-level hierarchy}},
  url = {http://evolang.org/neworleans/papers/52.html},
  year = {2016}
}

@article{Michaud2017,
  archiveprefix = {arXiv},
  arxivid = {1606.08433},
  author = {Michaud, J{\'{e}}r{\^{o}}me},
  doi = {10.1103/PhysRevE.95.022308},
  eprint = {1606.08433},
  issn = {2470-0045},
  journal = {Physical Review E},
  month = {feb},
  number = {2},
  pages = {022308},
  title = {{Continuous time limits of the utterance selection model}},
  url = {http://link.aps.org/doi/10.1103/PhysRevE.95.022308},
  volume = {95},
  year = {2017}
}

@book{Millar2007,
  address = {Edinburgh},
  author = {Millar, Robert McColl},
  publisher = {Edinburgh University Press},
  series = {Dialects of English},
  title = {{Northern and Insular Scots}},
  year = {2007}
}

@article{Milroy1985,
  author = {Milroy, James and Milroy, Lesley},
  doi = {10.1017/S0022226700010306},
  isbn = {9780521446655},
  issn = {00222267},
  journal = {Journal of Linguistics},
  number = {2},
  pages = {339--384},
  publisher = {Cambridge University Press},
  title = {{Linguistic change, social network and speaker innovation}},
  url = {http://www.jstor.org/stable/4175792},
  volume = {21},
  year = {1985}
}

@article{Mitchener2011,
  author = {Mitchener, W. Garrett},
  doi = {10.1007/s10849-011-9136-y},
  issn = {09258531},
  journal = {Journal of Logic, Language and Information},
  pages = {385--396},
  title = {{A mathematical model of prediction-driven instability: how social structure can drive language change}},
  volume = {20},
  year = {2011}
}

@article{Monaghan2014,
  author = {Monaghan, Padraic},
  doi = {10.1016/j.cognition.2014.08.007},
  issn = {1873-7838},
  journal = {Cognition},
  month = {sep},
  number = {3},
  pages = {530--534},
  pmid = {25215929},
  title = {{Age of acquisition predicts rate of lexical evolution}},
  url = {http://www.ncbi.nlm.nih.gov/pubmed/25215929},
  volume = {133},
  year = {2014}
}

@incollection{Montgomery2011,
  address = {Cambridge},
  author = {Montgomery, Chris and Beal, Joan},
  booktitle = {Analysing Variation in English},
  chapter = {6},
  doi = {10.1017/CBO9780511976360.007},
  editor = {Maguire, Warren and McMahon, April},
  isbn = {9780511976360},
  pages = {121--148},
  publisher = {Cambridge University Press},
  title = {{Perceptual dialectology}},
  url = {http://ebooks.cambridge.org/ref/id/CBO9780511976360A017},
  year = {2011}
}

@article{Nardy2013,
  author = {Nardy, Aur{\'{e}}lie and Chevrot, Jean-Pierre and Barbu, St{\'{e}}phanie},
  doi = {10.1515/ling-2013-0011},
  issn = {1613-396X},
  journal = {Linguistics},
  month = {mar},
  number = {2},
  pages = {255--284},
  title = {{The acquisition of sociolinguistic variation: Looking back and thinking ahead}},
  url = {http://www.degruyter.com/view/j/ling.2013.51.issue-2/ling-2013-0011/ling-2013-0011.xml},
  volume = {51},
  year = {2013}
}

@book{Nettle1999,
  address = {Oxford},
  author = {Nettle, Daniel},
  isbn = {9780198238577},
  publisher = {Oxford University Press},
  title = {{Linguistic diversity}},
  year = {1999}
}

@article{Nettle2012,
  author = {Nettle, Daniel},
  doi = {10.1098/rstb.2011.0216},
  issn = {1471-2970},
  journal = {Philosophical Transactions of the Royal Society B: Biological Sciences},
  month = {jul},
  number = {1597},
  pages = {1829--1836},
  pmid = {22641821},
  title = {{Social scale and structural complexity in human languages}},
  url = {http://www.ncbi.nlm.nih.gov/pubmed/22641821},
  volume = {367},
  year = {2012}
}

@article{Nevalainen2011,
  author = {Nevalainen, Terttu and Raumolin-Brunberg, Helena and Mannila, Heikki},
  doi = {10.1017/S0954394510000207},
  issn = {0954-3945},
  journal = {Language Variation and Change},
  month = {mar},
  number = {1},
  pages = {1--43},
  title = {{The diffusion of language change in real time: Progressive and conservative individuals and the time depth of change}},
  url = {http://www.journals.cambridge.org/abstract\_S0954394510000207},
  volume = {23},
  year = {2011}
}

@inproceedings{Nevalainen2014,
  address = {Zurich, Switzerland},
  author = {Nevalainen, Terttu and S{\"{a}}ily, Tanja and Vartiainen, Turo},
  booktitle = {International Society for the Linguistics of English (ISLE 3)},
  title = {{Upcoming resource: An online Language Change Database}},
  url = {http://www.cs.helsinki.fi/u/tsaily/presentations/isle3\_tn\_ts\_tv.pdf},
  year = {2014}
}

@article{Nevalainen2016,
  author = {Nevalainen, Terttu and Vartiainen, Turo and S{\"{a}}ily, Tanja and Kes{\"{a}}niemi, Joonas and Dominowska, Agata and {\"{O}}hman, Emily},
  journal = {ICAME Journal},
  title = {{Language Change Database: A new online resource}},
  volume = {forthc.},
  year = {2016}
}

@book{Newmeyer1998,
  address = {Cambridge, Massachusetts},
  author = {Newmeyer, Frederick J.},
  isbn = {9780262640442},
  pages = {444},
  publisher = {MIT Press},
  title = {{Language form and language function}},
  year = {1998}
}

@incollection{Newmeyer2014,
  address = {Oxford},
  author = {Newmeyer, Frederick J.},
  booktitle = {Competing motivations in grammar and usage},
  chapter = {18},
  doi = {10.1093/acprof:oso/9780198709848.003.0018},
  editor = {MacWhinney, Brian and Malchukov, Andrej and Moravcsik, Edith},
  month = {oct},
  pages = {299--314},
  publisher = {Oxford University Press},
  title = {{Where do motivations compete?}},
  url = {http://www.oxfordscholarship.com/view/10.1093/acprof:oso/9780198709848.001.0001/acprof-9780198709848-chapter-18},
  year = {2014}
}

@techreport{Niyogi1995,
  address = {Cambridge, Massachusetts},
  author = {Niyogi, Partha and Berwick, Robert C.},
  institution = {MIT AI Laboratory and Center for Biological and Computational Learning: A.I. Memo No. 1516/CBCL Paper No. 115},
  title = {{The logical problem of language change}},
  url = {ftp://publications.ai.mit.edu/ai-publications/pdf/AIM-1516.pdf},
  year = {1995}
}

@article{Niyogi1997,
  author = {Niyogi, Partha and Berwick, Robert C.},
  doi = {10.1023/A:1005319718167},
  issn = {01650157},
  journal = {Linguistics and Philosophy},
  number = {6},
  pages = {697--719},
  title = {{Evolutionary consequences of language learning}},
  url = {http://link.springer.com/article/10.1023/A:1005319718167},
  volume = {20},
  year = {1997}
}

@book{Niyogi2006,
  address = {Cambridge, Massachusetts},
  author = {Niyogi, Partha},
  isbn = {978-0262513395},
  publisher = {The MIT Press},
  series = {Current Studies in Linguistics},
  title = {{The computational nature of language learning and evolution}},
  year = {2006}
}

@article{Nowak2001a,
  author = {Nowak, Martin A. and Komarova, Natalia L. and Niyogi, Partha},
  doi = {10.1126/science.291.5501.114},
  issn = {0036-8075},
  journal = {Science},
  month = {jan},
  number = {5501},
  pages = {114--118},
  pmid = {11141560},
  title = {{Evolution of universal grammar}},
  url = {http://www.ncbi.nlm.nih.gov/pubmed/11141560},
  volume = {291},
  year = {2001}
}

@incollection{Ohala1989,
  address = {Berlin},
  author = {Ohala, John J.},
  booktitle = {Language change: contributions to the study of its causes},
  editor = {Breivik, Leiv Egil and Jahr, Ernst H{\aa}kon},
  pages = {173--198},
  publisher = {Mouton de Gruyter},
  title = {{Sound change is drawn from a pool of synchronic variation}},
  year = {1989}
}

@incollection{Ohala1993,
  address = {London},
  author = {Ohala, John J.},
  booktitle = {Historical linguistics: problems and perspectives},
  editor = {Jones, Charles},
  pages = {237--278},
  publisher = {Longman},
  title = {{The phonetics of sound change}},
  year = {1993}
}

@article{Otero-Espinar2013,
  archiveprefix = {arXiv},
  arxivid = {1303.4959},
  author = {Otero-Espinar, M. Victoria and Seoane, Lu{\'{i}}s F. and Nieto, Juan J. and Mira, Jorge},
  doi = {10.1016/j.physd.2013.08.011},
  eprint = {1303.4959},
  issn = {01672789},
  journal = {Physica D: Nonlinear Phenomena},
  month = {dec},
  pages = {17--26},
  title = {{An analytic solution of a model of language competition with bilingualism and interlinguistic similarity}},
  url = {http://linkinghub.elsevier.com/retrieve/pii/S0167278913002522},
  volume = {264},
  year = {2013}
}

@book{Paul1880,
  address = {Halle},
  author = {Paul, Hermann},
  publisher = {Max Niemeyer},
  title = {{Prinzipien der Sprachgeschichte}},
  year = {1880}
}

@article{Pearl2007,
  author = {Pearl, Lisa and Weinberg, Amy},
  doi = {10.1080/15475440709337000},
  issn = {1547-5441},
  journal = {Language Learning and Development},
  month = {jan},
  number = {1},
  pages = {43--72},
  title = {{Input filtering in syntactic acquisition: answers from language change modeling}},
  url = {http://www.tandfonline.com/doi/abs/10.1080/15475440709337000},
  volume = {3},
  year = {2007}
}

@article{Perniss2010,
  author = {Perniss, Pamela and Thompson, Robin L. and Vigliocco, Gabriella},
  doi = {10.3389/fpsyg.2010.00227},
  issn = {1664-1078},
  journal = {Frontiers in Psychology},
  number = {227},
  title = {{Iconicity as a general property of language: evidence from spoken and signed languages}},
  url = {http://journal.frontiersin.org/article/10.3389/fpsyg.2010.00227/abstract},
  volume = {1},
  year = {2010}
}

@article{Pierrehumbert2014,
  archiveprefix = {arXiv},
  arxivid = {1408.1985},
  author = {Pierrehumbert, Janet B. and Stonedahl, Forrest and Daland, Robert},
  eprint = {1408.1985},
  journal = {arXiv},
  month = {aug},
  title = {{A model of grassroots changes in linguistic systems}},
  url = {http://arxiv.org/abs/1408.1985},
  volume = {1408.1985},
  year = {2014}
}

@incollection{Pintzuk2003,
  address = {Oxford},
  author = {Pintzuk, Susan},
  booktitle = {The Handbook of Historical Linguistics},
  chapter = {15},
  doi = {10.1002/9780470756393.ch15},
  editor = {Joseph, Brian D and Janda, Richard D},
  pages = {509--528},
  publisher = {Blackwell Publishing Ltd},
  title = {{Variationist approaches to syntactic change}},
  url = {http://onlinelibrary.wiley.com/doi/10.1002/9780470756393.ch15/summary},
  year = {2003}
}

@incollection{Piotrovskaja1974,
  address = {Leningrad},
  author = {Piotrovskaja, A. A. and Piotrovskij, R. G.},
  booktitle = {Statistika Reci i Avtomaticeskij Analiz Teksta},
  pages = {361--400},
  publisher = {Nauka},
  title = {{Matematiceskie Modeli Diachronii i Tekstoobrazovanija}},
  year = {1974}
}

@book{Postal1968,
  address = {New York},
  author = {Postal, Paul Martin},
  publisher = {Harper \& Row},
  title = {{Aspects of phonological theory}},
  year = {1968}
}

@article{Preston1996,
  author = {Preston, Dennis R.},
  doi = {10.1080/09658416.1996.9959890},
  issn = {0965-8416},
  journal = {Language Awareness},
  month = {jan},
  number = {1},
  pages = {40--74},
  title = {{Whaddayaknow?: The modes of folk linguistic awareness}},
  url = {http://www.tandfonline.com/doi/abs/10.1080/09658416.1996.9959890},
  volume = {5},
  year = {1996}
}

@incollection{Preston2005,
  address = {Malden, Massachusetts},
  author = {Preston, Dennis R. and Robinson, Gregory C.},
  booktitle = {Clinical Sociolinguistics},
  chapter = {11},
  doi = {10.1002/9780470754856.ch11},
  editor = {Ball, Martin J.},
  pages = {133--152},
  publisher = {Blackwell Publishing Ltd},
  title = {{Dialect perception and attitudes to variation}},
  url = {http://onlinelibrary.wiley.com/doi/10.1002/9780470754856.ch11/summary},
  year = {2005}
}

@article{Reali2009,
  author = {Reali, Florencia and Griffiths, Thomas L.},
  doi = {10.1016/j.cognition.2009.02.012},
  issn = {00100277},
  journal = {Cognition},
  month = {jun},
  number = {3},
  pages = {317--328},
  title = {{The evolution of frequency distributions: Relating regularization to inductive biases through iterated learning}},
  url = {http://www.sciencedirect.com/science/article/pii/S0010027709000432 http://linkinghub.elsevier.com/retrieve/pii/S0010027709000432},
  volume = {111},
  year = {2009}
}

@article{Reali2010,
  author = {Reali, Florencia and Griffiths, Thomas L.},
  doi = {10.1098/rspb.2009.1513},
  issn = {1471-2954},
  journal = {Proceedings of the Royal Society B: Biological Sciences},
  month = {feb},
  number = {1680},
  pages = {429--436},
  pmid = {19812077},
  publisher = {The Royal Society},
  title = {{Words as alleles: connecting language evolution with Bayesian learners to models of genetic drift}},
  url = {http://www.pubmedcentral.nih.gov/articlerender.fcgi?artid=2842651\&tool=pmcentrez\&rendertype=abstract http://www.ncbi.nlm.nih.gov/pmc/articles/PMC2842651/},
  volume = {277},
  year = {2010}
}

@phdthesis{Renton2016,
  author = {Renton, Jessie},
  school = {The University of Edinburgh},
  title = {{The effect of population structure on spontaneous dialect formation}},
  type = {MPhys dissertation},
  year = {2016}
}

@book{Ritt2004,
  address = {Cambridge},
  author = {Ritt, Nikolaus},
  isbn = {9780521120630},
  publisher = {Cambridge University Press},
  title = {{Selfish Sounds and Linguistic Evolution: A Darwinian Approach to Language Change}},
  url = {https://books.google.com/books?id=jGGAaOZxA\_gC\&printsec=frontcover},
  year = {2004}
}

@incollection{Ritt2012,
  address = {Vienna},
  author = {Ritt, Nikolaus and Baumann, Andreas},
  booktitle = {Transfer in English studies},
  editor = {Coelsch-Foisner, Sabine and Markus, Manfred and Schendl, Herbert},
  publisher = {Braum{\"{u}}ller},
  series = {Austrian Studies in English},
  title = {{Transferring mathematics to English studies: prospects and problems}},
  year = {2012}
}

@inproceedings{Roberts2012,
  author = {Roberts, Se{\'{a}}n G. and Winters, James},
  booktitle = {Five Approaches to Language Evolution: Proceedings of the Workshops of the 9th International Conference on the Evolution of Language},
  editor = {McCrohon, Luke and Fujimura, T. and Fujita, K. and Martin, R. and Okanoya, K. and Suzuki, R. and Yusa, N.},
  pages = {148--157},
  title = {{Constructing knowledge: nomothetic approaches to language evolution}},
  url = {http://citeseerx.ist.psu.edu/viewdoc/summary?doi=10.1.1.361.4142},
  year = {2012}
}

@article{Roberts2013,
  author = {Roberts, Gareth},
  doi = {10.1111/lnc3.12052},
  issn = {1749818X},
  journal = {Language and Linguistics Compass},
  month = {dec},
  number = {12},
  pages = {619--632},
  title = {{Perspectives on language as a source of social markers}},
  url = {http://doi.wiley.com/10.1111/lnc3.12052},
  volume = {7},
  year = {2013}
}

@article{Roberts2013correlation,
  author = {Roberts, Se{\'{a}}n and Winters, James},
  doi = {10.1371/journal.pone.0070902},
  editor = {Emmert-Streib, Frank},
  issn = {1932-6203},
  journal = {PLoS ONE},
  month = {aug},
  number = {8},
  pages = {e70902},
  title = {{Linguistic diversity and traffic accidents: lessons from statistical studies of cultural traits}},
  url = {http://dx.plos.org/10.1371/journal.pone.0070902},
  volume = {8},
  year = {2013}
}

@book{Rogers1962,
  address = {New York},
  author = {Rogers, Everett M.},
  isbn = {0-612-62843-4},
  publisher = {Free Press of Glencoe},
  title = {{Diffusion of innovations}},
  year = {1962}
}

@incollection{Ross1996,
  address = {Oxford},
  author = {Ross, Malcolm and Durie, Mark},
  booktitle = {The Comparative Method reviewed: regularity and irregularity in language change},
  chapter = {1},
  editor = {Durie, Mark and Ross, Malcolm},
  isbn = {0-19-506607-3},
  pages = {3--38},
  publisher = {Oxford University Press},
  title = {{Introduction}},
  year = {1996}
}

@article{Salganik2008,
  author = {Salganik, Matthew J. and Watts, Duncan J.},
  doi = {10.1177/019027250807100404},
  issn = {01902725},
  journal = {Social Psychology Quarterly},
  number = {4},
  pages = {338--355},
  publisher = {SAGE Publications},
  title = {{Leading the herd astray: An experimental study of self-fulfilling prophecies in an artificial cultural market}},
  url = {http://spq.sagepub.com/cgi/doi/10.1177/019027250807100404},
  volume = {71},
  year = {2008}
}

@incollection{Salmons2013,
  address = {Oxford},
  author = {Salmons, Joseph and Honeybone, Patrick},
  booktitle = {The Oxford handbook of historical phonology},
  chapter = {3},
  editor = {Salmons, Joseph and Honeybone, Patrick},
  publisher = {Oxford University Press},
  title = {{Structuralist historical phonology: systems in sound change}},
  url = {http://www.lel.ed.ac.uk/homes/patrick/hphhndbk-structuralism.pdf},
  year = {2013}
}

@article{Sankoff1970,
  author = {Sankoff, David},
  doi = {10.2307/412307},
  issn = {00978507},
  journal = {Language},
  month = {sep},
  number = {3},
  pages = {564--569},
  title = {{On the rate of replacement of word-meaning relationships}},
  url = {http://www.jstor.org/stable/412307?origin=crossref},
  volume = {46},
  year = {1970}
}

@article{Sankoff1973,
  author = {Sankoff, Gillian and Laberge, Suzanne},
  journal = {Kivung},
  pages = {32--47},
  title = {{On the acquisition of native speakers by a language}},
  volume = {6},
  year = {1973}
}

@incollection{Sankoff1988,
  address = {Cambridge},
  author = {Sankoff, David},
  booktitle = {Linguistics: The Cambridge Survey},
  chapter = {8},
  doi = {10.1017/CBO9780511620577},
  editor = {Newmeyer, Frederick J.},
  isbn = {9780511620577},
  pages = {140--161},
  publisher = {Cambridge University Press},
  title = {{Sociolinguistics and syntactic variation}},
  url = {http://ebooks.cambridge.org/ref/id/CBO9780511620577},
  year = {1988}
}

@article{Sankoff2007,
  author = {Sankoff, Gillian and Blondeau, H{\'{e}}l{\`{e}}n},
  doi = {10.1353/lan.2007.0106},
  issn = {1535-0665},
  journal = {Language},
  number = {3},
  pages = {560--588},
  title = {{Language change across the lifespan: /r/ in Montreal French}},
  url = {http://muse.jhu.edu/content/crossref/journals/language/v083/83.3sankoff.pdf},
  volume = {83},
  year = {2007}
}

@inproceedings{Sankoff2013,
  address = {Boston, Massachusetts},
  author = {Sankoff, Gillian},
  booktitle = {Plenary address to the Linguistic Society of America Annual Meeting},
  organization = {Linguistic Society of America},
  pages = {81},
  title = {{Language change across the lifespan}},
  url = {http://www.linguisticsociety.org/files/LSA2013Handbook\_2.pdf},
  year = {2013}
}

@book{Sapir1921,
  author = {Sapir, Edward},
  publisher = {Harcourt},
  title = {{Language: An Introduction to the Study of Speech}},
  url = {http://www.bartleby.com/186/},
  year = {1921}
}

@article{Sapir1929,
  author = {Sapir, Edward},
  doi = {10.2307/409588},
  issn = {00978507},
  journal = {Language},
  month = {dec},
  number = {4},
  pages = {207--214},
  title = {{The status of linguistics as a science}},
  url = {http://www.jstor.org/stable/409588?origin=crossref},
  volume = {5},
  year = {1929}
}

@book{Saussure1916,
  address = {New Haven},
  author = {de Saussure, Ferdinand},
  publisher = {Yale University Press},
  title = {{Cours de linguistique g{\'{e}}n{\'{e}}rale}},
  year = {1916}
}

@book{Saussure1959,
  address = {New York},
  author = {de Saussure, Ferdinand},
  editor = {Bally, Charles and Sechehaye, Albert},
  publisher = {The Philosophical Library, Inc.},
  title = {{Course in general linguistics}},
  translator = {Baskin, Wade},
  url = {https://archive.org/details/courseingenerall00saus},
  year = {1959}
}

@article{Scott-Phillips2010,
  author = {Scott-Phillips, Thomas C. and Kirby, Simon},
  institution = {School of Psychology, Philosophy and Language Sciences, University of Edinburgh, 3 Charles Street, Edinburgh EH89AD, UK. thom@ling.ed.ac.uk},
  journal = {Trends in Cognitive Sciences},
  number = {9},
  pages = {411--417},
  pmid = {20675183},
  publisher = {Elsevier Ltd},
  title = {{Language evolution in the laboratory}},
  url = {http://www.ncbi.nlm.nih.gov/pubmed/20675183},
  volume = {14},
  year = {2010}
}

@book{Shetland2014,
  address = {Lerwick, UK},
  author = {{Shetland Islands Council}},
  isbn = {978 0 905924 71 7},
  publisher = {Shetland Islands Council, Economic Development Unit, Solarhus, 3 North Ness Business Park, Lerwick, Shetland, ZE1 0LZ},
  title = {{Shetland in Statistics}},
  url = {http://www.shetland.gov.uk/economic\_development/documents/ShetlandinStatisticsforwebsite.pdf},
  volume = {41},
  year = {2014}
}

@article{Silva2008,
  author = {Silva, Eduardo J. S. and de Oliveira, Viviane M.},
  doi = {10.1016/j.physa.2008.06.005},
  issn = {03784371},
  journal = {Physica A: Statistical Mechanics and its Applications},
  number = {22},
  pages = {5597--5601},
  title = {{Evolution of the linguistic diversity on correlated landscapes}},
  url = {http://www.sciencedirect.com/science?\_ob=ArticleURL\&\_udi=B6TVG-4SRCJNY-5\&\_user=965532\&\_coverDate=09/15/2008\&\_alid=905922826\&\_rdoc=35\&\_fmt=high\&\_orig=search\&\_cdi=5534\&\_sort=d\&\_docanchor=\&view=c\&\_ct=1028\&\_acct=C000049540\&\_version=1\&\_urlVersion=0\&\_userid=965},
  volume = {387},
  year = {2008}
}

@article{Situngkir2004,
  address = {Bandung, Indonesia},
  author = {Situngkir, Hokky},
  institution = {Bandung Fe Institute},
  journal = {Journal of social complexity},
  number = {1},
  pages = {20--32},
  title = {{On selfish memes: culture as complex adaptive system}},
  url = {http://cogprints.org/4772/},
  volume = {2},
  year = {2004}
}

@book{Skyrms2010,
  address = {Oxford},
  author = {Skyrms, Brian},
  isbn = {9780199582945},
  publisher = {Oxford University Press},
  title = {{Signals. Evolution, learning, and information}},
  year = {2010}
}

@phdthesis{Smith2003,
  author = {Smith, Kenneth},
  pages = {xxiii+451},
  publisher = {The University of Edinburgh},
  school = {Dept of Linguistics, University of Edinburgh},
  title = {{The transmission of language: models of biological and cultural evolution}},
  url = {http://www.lel.ed.ac.uk/~kenny/thesis.html},
  year = {2003}
}

@article{Smith2010,
  author = {Smith, Kenny and Wonnacott, Elizabeth},
  doi = {10.1016/j.cognition.2010.06.004},
  issn = {1873-7838},
  journal = {Cognition},
  month = {sep},
  number = {3},
  pages = {444--449},
  pmid = {20615499},
  title = {{Eliminating unpredictable variation through iterated learning}},
  url = {http://www.ncbi.nlm.nih.gov/pubmed/20615499},
  volume = {116},
  year = {2010}
}

@inproceedings{Smith2013,
  address = {Austin, Texas},
  author = {Smith, Kenny and Tamariz, M{\'{o}}nica and Kirby, Simon},
  booktitle = {Proceedings of the 35th Annual Meeting of the Cognitive Science Society},
  editor = {Knauff, Markus and Pauen, Michael and Sebanz, Natalie and Wachsmuth, Ipke},
  pages = {1348--1353},
  publisher = {Cognitive Science Society},
  title = {{Linguistic structure is an evolutionary trade-off between simplicity and expressivity}},
  url = {http://mindmodeling.org/cogsci2013/papers/0256/paper0256.pdf},
  year = {2013}
}

@incollection{Smith2016,
  address = {Basingstoke},
  author = {Smith, Andrew D. M.},
  booktitle = {The Palgrave Handbook of Economics and Language},
  chapter = {2},
  pages = {61--100},
  publisher = {Palgrave},
  title = {{Dynamic models of language evolution: the linguistic perspective}},
  url = {http://hdl.handle.net/1893/22890},
  year = {2016}
}

@inproceedings{Sonderegger2010,
  author = {Sonderegger, Morgan and Niyogi, Partha},
  booktitle = {Proceedings of the 48th Annual Meeting of the Association for Computational Linguistics},
  pages = {1019--1029},
  title = {{Combining data and mathematical models of language change}},
  url = {http://dl.acm.org/citation.cfm?id=1858785},
  year = {2010}
}

@article{Sorace2005,
  author = {Sorace, Antonella and Keller, Frank},
  doi = {10.1016/j.lingua.2004.07.002},
  issn = {00243841},
  journal = {Lingua},
  month = {nov},
  number = {11},
  pages = {1497--1524},
  title = {{Gradience in linguistic data}},
  url = {http://linkinghub.elsevier.com/retrieve/pii/S0024384104001032},
  volume = {115},
  year = {2005}
}

@phdthesis{Soskuthy2013,
  author = {S{\'{o}}skuthy, M{\'{a}}rton},
  school = {The University of Edinburgh},
  title = {{Phonetic biases and systemic effects in the actuation of sound change}},
  url = {https://www.era.lib.ed.ac.uk/handle/1842/8946},
  year = {2013}
}

@article{Spike2016,
  author = {Spike, Matthew and Stadler, Kevin and Kirby, Simon and Smith, Kenny},
  doi = {10.1111/cogs.12351},
  journal = {Cognitive Science},
  title = {{Minimal requirements for the emergence of learned signalling}},
  url = {http://onlinelibrary.wiley.com/doi/10.1111/cogs.12351/abstract},
  volume = {in press},
  year = {2016}
}

@phdthesis{Spike2016thesis,
  author = {Spike, Matthew},
  school = {The University of Edinburgh},
  title = {{Minimal requirements for the cultural evolution of language}},
  year = {2016}
}

@phdthesis{Stadler2009,
  author = {Stadler, Kevin},
  school = {The University of Edinburgh},
  title = {{Cultural transmission and inductive biases in populations of Bayesian learners}},
  type = {MSc Dissertation},
  url = {http://hdl.handle.net/1842/3617},
  year = {2009}
}

@article{Stadler2016,
  author = {Stadler, Kevin and Blythe, Richard A. and Smith, Kenny and Kirby, Simon},
  doi = {10.1163/22105832-00602005},
  journal = {Language Dynamics and Change},
  month = {oct},
  number = {2},
  pages = {171--198},
  title = {{Momentum in language change: a model of self-actuating s-shaped curves}},
  volume = {6},
  year = {2016}
}

@article{Stanford2014,
  author = {Stanford, James N. and Severance, Nathan A. and Baclawski, Kenneth P.},
  doi = {10.1017/S0954394513000227},
  issn = {0954-3945},
  journal = {Language Variation and Change},
  month = {apr},
  number = {01},
  pages = {103--140},
  title = {{Multiple vectors of unidirectional dialect change in eastern New England}},
  url = {http://www.journals.cambridge.org/abstract\_S0954394513000227},
  volume = {26},
  year = {2014}
}

@incollection{Stanford2014handbook,
  address = {London},
  author = {Stanford, James N.},
  booktitle = {The Routledge Handbook of Historical Linguistics},
  chapter = {21},
  editor = {Bowern, Claire and Evans, Bethwyn},
  pages = {466--483},
  publisher = {Routledge},
  title = {{Language acquisition and language change}},
  year = {2014}
}

@article{Steels1995,
  author = {Steels, Luc},
  doi = {10.1162/artl.1995.2.3.319},
  issn = {1064-5462},
  journal = {Artificial Life},
  month = {jan},
  number = {3},
  pages = {319--332},
  title = {{A self-organizing spatial vocabulary}},
  url = {http://www.mitpressjournals.org/doi/abs/10.1162/artl.1995.2.3.319},
  volume = {2},
  year = {1995}
}

@article{Steels1998,
  author = {Steels, Luc},
  doi = {10.1023/A:1010002801935},
  editor = {Jennings, Nicholas and Sycara, Katia and Georgeff, Michael},
  issn = {13872532},
  journal = {Autonomous Agents and Multi-Agent Systems},
  number = {2},
  pages = {169--194},
  publisher = {Springer Netherlands},
  title = {{The origins of ontologies and communication conventions in multi-agent systems}},
  url = {http://www.springerlink.com/content/gq0457rm77407h2u/},
  volume = {1},
  year = {1998}
}

@article{Steels1998naminggame,
  author = {Steels, Luc and McIntyre, Angus},
  doi = {10.1142/S021952599800020X},
  journal = {Advances in Complex Systems},
  number = {4},
  pages = {301--323},
  title = {{Spatially distributed naming games}},
  url = {http://www.isrl.uiuc.edu/~amag/langev/paper/steels99spatiallyDistributed.html},
  volume = {1},
  year = {1998}
}

@inproceedings{Steels2000,
  author = {Steels, Luc},
  booktitle = {Parallel Problem Solving from Nature PPSN VI},
  doi = {10.1007/3-540-45356-3_2},
  editor = {Schoenauer, Marc and Deb, Kalyanmoy and Rudolph, G{\"{u}}nter and Yao, Xin and Lutton, Evelyne and Merelo, Juan Julian and Schwefel, Hans-Paul},
  pages = {17--26},
  publisher = {Springer},
  title = {{Language as a Complex Adaptive System}},
  url = {http://link.springer.com/chapter/10.1007/3-540-45356-3\_2},
  year = {2000}
}

@article{Stevens2013,
  author = {Stevens, Mary and Harrington, Jonathan},
  doi = {10.3989/loquens.2014.003},
  issn = {2386-2637},
  journal = {Loquens},
  month = {nov},
  number = {1},
  pages = {e003},
  title = {{The individual and the actuation of sound change}},
  url = {http://loquens.revistas.csic.es/index.php/loquens/article/view/7/15},
  volume = {1},
  year = {2013}
}

@book{Sturtevant1947,
  address = {New Haven},
  author = {Sturtevant, Edgar Howard},
  publisher = {Yale University Press},
  title = {{An introduction to linguistic science}},
  url = {https://archive.org/details/introductiontoli032816mbp},
  year = {1947}
}

@article{Sundgren2001,
  author = {Sundgren, Eva},
  doi = {10.1080/080387401753355344},
  issn = {0803-8740},
  journal = {NORA - Nordic Journal of Feminist and Gender Research},
  pages = {113--123},
  title = {{Men and women in language change. A Swedish case study}},
  url = {http://www.tandfonline.com/doi/abs/10.1080/080387401753355344},
  volume = {9},
  year = {2001}
}

@article{Sundkvist2011,
  author = {Sundkvist, Peter},
  doi = {10.1017/S0266078411000496},
  issn = {0266-0784},
  journal = {English Today},
  month = {dec},
  number = {04},
  pages = {19--25},
  title = {{The Shetland Islands: globalisation and the changing status of Standard English}},
  url = {http://www.journals.cambridge.org/abstract\_S0266078411000496},
  volume = {27},
  year = {2011}
}

@inproceedings{Swarup2012,
  author = {Swarup, Samarth and McCarthy, Corrine},
  booktitle = {Artificial Life 13},
  doi = {10.7551/978-0-262-31050-5-ch036},
  isbn = {9780262310505},
  pages = {267--274},
  publisher = {MIT Press},
  title = {{Representational momentum may explain aspects of vowel shifts}},
  url = {http://mitpress.mit.edu/sites/default/files/titles/content/alife13/978-0-262-31050-5-ch036.pdf},
  year = {2012}
}

@article{Tagliamonte2009,
  author = {Tagliamonte, Sali A. and D'Arcy, Alexandra},
  doi = {10.1353/lan.0.0084},
  isbn = {00978507},
  issn = {1535-0665},
  journal = {Language},
  number = {1},
  pages = {58--108},
  pmid = {38714369},
  title = {{Peaks beyond phonology: adolescence, incrementation, and language change}},
  url = {http://www.ling.upenn.edu/~wlabov/L660/Peaks.pdf},
  volume = {85},
  year = {2009}
}

@book{Tagliamonte2012,
  author = {Tagliamonte, Sali A.},
  publisher = {Wiley-Blackwell},
  series = {Language in Society},
  title = {{Variationist sociolinguistics. Change, observation, interpretation}},
  year = {2012}
}

@book{Tagliamonte2015,
  author = {Tagliamonte, Sali A.},
  isbn = {978-1-118-45516-6},
  pages = {224},
  publisher = {Wiley-Blackwell},
  title = {{Making waves: the story of variationist sociolinguistics}},
  year = {2015}
}

@book{Tarde1903,
  address = {New York},
  author = {Tarde, Gabriel},
  pages = {450},
  publisher = {Henry Holt and Company},
  title = {{The laws of imitation}},
  translator = {Parsons, Elsie Clews},
  url = {https://archive.org/details/lawsofimitation00tard},
  year = {1903}
}

@article{Tarnita2014,
  author = {Tarnita, Corina E. and Taylor, Peter D.},
  doi = {10.1086/677924},
  issn = {0003-0147},
  journal = {The American Naturalist},
  month = {oct},
  number = {4},
  pages = {477--488},
  title = {{Measures of relative fitness of social behaviors in finite structured population models}},
  url = {http://www.journals.uchicago.edu/doi/10.1086/677924},
  volume = {184},
  year = {2014}
}

@book{Thomsen2006,
  address = {Amsterdam},
  doi = {10.1075/cilt.279},
  editor = {{Nedergaard Thomsen}, Ole},
  isbn = {978 90 272 4794 0},
  pages = {344},
  publisher = {John Benjamins Publishing Company},
  series = {Current Issues in Linguistic Theory},
  title = {{Competing models of linguistic change: evolution and beyond}},
  url = {http://www.jbe-platform.com/content/books/9789027293190},
  volume = {279},
  year = {2006}
}

@incollection{Traugott2011,
  address = {Oxford},
  author = {Traugott, Elizabeth Closs},
  booktitle = {The Oxford Handbook of Grammaticalization},
  chapter = {2},
  doi = {10.1093/oxfordhb/9780199586783.013.0002},
  editor = {Heine, Bernd and Narrog, Heiko},
  isbn = {9780199586783},
  month = {oct},
  pages = {19--30},
  publisher = {Oxford University Press},
  title = {{Grammaticalization and mechanisms of change}},
  url = {https://books.google.com/books?id=BigUDAAAQBAJ\&pg=PA19},
  year = {2011}
}

@article{Troutman2008,
  author = {Troutman, Celina and Clark, Brady and Goldrick, Matthew},
  journal = {University of Pennsylvania Working Papers in Linguistics},
  number = {1},
  pages = {325--338},
  title = {{Social networks and intraspeaker variation during periods of language change}},
  url = {http://repository.upenn.edu/pwpl/vol14/iss1/25/},
  volume = {14},
  year = {2008}
}

@article{Trudgill1972,
  author = {Trudgill, Peter},
  doi = {10.1017/S0047404500000488},
  issn = {0047-4045},
  journal = {Language in Society},
  month = {dec},
  number = {02},
  pages = {179--195},
  title = {{Sex, covert prestige and linguistic change in the urban British English of Norwich}},
  url = {http://www.journals.cambridge.org/abstract\_S0047404500000488},
  volume = {1},
  year = {1972}
}

@book{Trudgill2004,
  address = {Edinburgh},
  author = {Trudgill, Peter},
  publisher = {Edinburgh University Press},
  title = {{New-dialect formation: the inevitability of Colonial Englishes}},
  year = {2004}
}

@article{Trudgill2008,
  author = {Trudgill, Peter},
  doi = {10.1017/S0047404508080287},
  issn = {0047-4045},
  journal = {Language in Society},
  month = {mar},
  number = {02},
  pages = {241--254},
  title = {{Colonial dialect contact in the history of European languages: On the irrelevance of identity to new-dialect formation}},
  url = {http://www.journals.cambridge.org/abstract\_S0047404508080287},
  volume = {37},
  year = {2008}
}

@article{Vachek1962,
  author = {Vachek, Josef},
  doi = {10.1016/0024-3841(62)90053-0},
  issn = {00243841},
  journal = {Lingua},
  month = {jan},
  pages = {433--448},
  title = {{On the interplay of external and internal factors in the development of language}},
  url = {http://linkinghub.elsevier.com/retrieve/pii/0024384162900530},
  volume = {11},
  year = {1962}
}

@article{VanTrijp2013,
  author = {van Trijp, Remi},
  doi = {10.1163/22105832-13030106},
  issn = {2210-5824},
  journal = {Language Dynamics and Change},
  month = {jan},
  pages = {1--28},
  title = {{Linguistic assessment criteria for explaining language change: a case study on syncretism in German definite articles}},
  url = {http://booksandjournals.brillonline.com/content/journals/10.1163/22105832-13030106},
  volume = {3},
  year = {2013}
}

@article{Vennemann1983,
  author = {Vennemann, Theo},
  doi = {10.1515/flih.1983.4.1.5},
  issn = {0168-647X},
  journal = {Folia Linguistica Historica},
  number = {1},
  pages = {5--26},
  title = {{Causality in language change: theories of linguistic preferences as a basis for linguistic explanations}},
  url = {http://www.degruyter.com/view/j/flih.1983.4.issue-1/flih.1983.4.1.5/flih.1983.4.1.5.xml},
  volume = {VI},
  year = {1983}
}

@incollection{Vennemann1993,
  address = {London},
  author = {Vennemann, Theo},
  booktitle = {Historical linguistics: problems and perspectives},
  chapter = {11},
  editor = {Jones, Charles},
  pages = {319--344},
  publisher = {Longman},
  title = {{Language change as language improvement}},
  url = {https://books.google.com/books?id=g0DKAgAAQBAJ\&pg=PA319},
  year = {1993}
}

@article{Vogt2010,
  author = {Vogt, Paul and Lieven, Elena},
  doi = {10.1177/1059712309350970},
  issn = {10597123},
  journal = {Adaptive Behavior},
  number = {1},
  pages = {21--35},
  title = {{Verifying theories of language acquisition using computer models of language evolution}},
  url = {http://adb.sagepub.com/cgi/doi/10.1177/1059712309350970},
  volume = {18},
  year = {2010}
}

@incollection{Vulanovic2006,
  address = {Berlin},
  author = {Vulanovi{\'{c}}, Relja and Baayen, Harald},
  booktitle = {Exact methods in the study of language and text: dedicated to Gabriel Altmann on the occasion of his 75th birthday},
  editor = {Grzybek, Peter and K{\"{o}}hler, Reinhard},
  isbn = {9783110193541},
  pages = {679--688},
  publisher = {Mouton de Gruyter},
  series = {Quantitative linguistics 62},
  title = {{Fitting the development of periphrastic do in all sentence types}},
  url = {http://hdl.handle.net/2066/42139},
  year = {2007}
}

@article{Vulanovic2007,
  author = {Vulanovi{\'{c}}, Relja},
  doi = {10.1080/09296170701379369},
  issn = {0929-6174},
  journal = {Journal of Quantitative Linguistics},
  month = {aug},
  number = {2-3},
  pages = {111--126},
  title = {{Fitting periphrastic do in affirmative declaratives}},
  url = {http://www.tandfonline.com/doi/abs/10.1080/09296170701379369},
  volume = {14},
  year = {2007}
}

@misc{WALS2013,
  address = {Leipzig},
  author = {{WALS Online}},
  editor = {Dryer, Matthew S. and Haspelmath, Martin},
  publisher = {Max Planck Institute for Evolutionary Anthropology},
  title = {{The World Atlas of Language Structures Online}},
  url = {http://wals.info},
  year = {2013}
}

@article{Wagner2012theory,
  author = {Wagner, Suzanne Evans},
  doi = {10.1002/lnc3.343},
  issn = {1749818X},
  journal = {Language and Linguistics Compass},
  pages = {371--382},
  title = {{Age grading in sociolinguistic theory}},
  url = {http://doi.wiley.com/10.1002/lnc3.343},
  volume = {6},
  year = {2012}
}

@article{Walker2011,
  author = {Walker, Abby and Hay, Jennifer},
  doi = {10.1515/labphon.2011.007},
  isbn = {1868-6354},
  issn = {1868-6346},
  journal = {Laboratory Phonology},
  number = {1},
  pages = {219--237},
  title = {{Congruence between ‘word age' and ‘voice age' facilitates lexical access}},
  url = {http://www.degruyter.com/view/j/lp.2011.2.issue-1/labphon.2011.007/labphon.2011.007.xml},
  volume = {2},
  year = {2011}
}

@article{Wang1969,
  author = {Wang, William Shi-Yuan},
  doi = {10.2307/411748},
  issn = {00978507},
  journal = {Language},
  month = {mar},
  number = {1},
  pages = {9--25},
  publisher = {Linguistic Society of America},
  title = {{Competing changes as a cause of residue}},
  url = {http://www.jstor.org/stable/411748},
  volume = {45},
  year = {1969}
}

@incollection{Wang2004,
  address = {Taiwan},
  author = {Wang, William Shi-Yuan and Ke, Jinyun and Minett, James W.},
  booktitle = {Computational linguistics and beyond: perspectives at the beginning of the 21st century},
  doi = {10.1.1.535.3186},
  editor = {Huang, Chu-Ren and Lenders, Winfried},
  pages = {65--106},
  publisher = {Academia Sinica},
  series = {Frontiers in Linguistics 1},
  title = {{Computational studies of language evolution}},
  url = {http://citeseerx.ist.psu.edu/viewdoc/download?doi=10.1.1.535.3186\&rep=rep1\&type=pdf},
  year = {2004}
}

@inproceedings{Wedel2004,
  address = {Barcelona},
  author = {Wedel, Andrew},
  booktitle = {Proceedings of the 7th Meeting of the ACL Special Interest Group in Computational Phonology},
  doi = {10.3115/1622153.1622154},
  pages = {1--10},
  publisher = {Association for Computational Linguistics},
  title = {{Category competition drives contrast maintenance within an exemplar-based production/perception loop}},
  url = {http://portal.acm.org/citation.cfm?doid=1622153.1622154},
  year = {2004}
}

@article{Wedel2006,
  author = {Wedel, Andrew B.},
  doi = {10.1515/TLR.2006.010},
  issn = {0167-6318},
  journal = {The Linguistic Review},
  month = {jan},
  number = {3},
  pages = {247--274},
  publisher = {De Gruyter},
  title = {{Exemplar models, evolution and language change}},
  url = {http://www.degruyter.com/view/j/tlir.2006.23.issue-3/tlr.2006.010/tlr.2006.010.xml},
  volume = {23},
  year = {2006}
}

@article{Wedel2007,
  author = {Wedel, Andrew B.},
  doi = {10.1017/S0952675707001145},
  issn = {0952-6757},
  journal = {Phonology},
  month = {jul},
  number = {01},
  pages = {147--185},
  publisher = {Cambridge Univ Press},
  title = {{Feedback and regularity in the lexicon}},
  url = {http://www.journals.cambridge.org/abstract\_S0952675707001145},
  volume = {24},
  year = {2007}
}

@incollection{Wedel2009,
  address = {Oxford},
  author = {Wedel, Andrew},
  booktitle = {Analogy in Grammar: Form and Acquisition},
  chapter = {4},
  doi = {10.1093/acprof:oso/9780199547548.003.0004},
  editor = {Blevins, James P. and Blevins, Juliette},
  isbn = {9780199547548},
  month = {jul},
  publisher = {Oxford University Press},
  title = {{Resolving pattern conflict: variation and selection in phonology and morphology}},
  url = {http://www.oxfordscholarship.com/view/10.1093/acprof:oso/9780199547548.001.0001/acprof-9780199547548 http://dingo.sbs.arizona.edu/~wedel/publications/PDF/WedelPhonologyMorphologyConflict.pdf},
  year = {2009}
}

@article{Wedel2013short,
  author = {Wedel, Andrew and Kaplan, Abby and Jackson, Scott},
  doi = {10.1016/j.cognition.2013.03.002},
  issn = {1873-7838},
  journal = {Cognition},
  month = {aug},
  number = {2},
  pages = {179--186},
  pmid = {23685207},
  title = {{High functional load inhibits phonological contrast loss: a corpus study}},
  url = {http://dx.doi.org/10.1016/j.cognition.2013.03.002},
  volume = {128},
  year = {2013}
}

@incollection{Weinreich1968,
  author = {Weinreich, Uriel and Labov, William and Herzog, Marvin},
  booktitle = {Directions for Historical Linguistics: A Symposium},
  editor = {Lehmann, Winfred P. and Malkiel, Yakov},
  pages = {95--188},
  publisher = {University of Texas Press},
  title = {{Empirical foundations for a theory of language change}},
  url = {https://liberalarts.utexas.edu/lrc/resources/books/directions/5-weinreich.php},
  year = {1968}
}

@phdthesis{Wellens2012,
  author = {Wellens, Pieter},
  school = {Vrije Universiteit Brussel},
  title = {{Adaptive strategies in the emergence of lexical systems}},
  year = {2012}
}

@book{Wells1982,
  address = {Cambridge},
  author = {Wells, John C.},
  doi = {10.1017/CBO9780511611759},
  isbn = {9780511611759},
  publisher = {Cambridge University Press},
  title = {{Accents of English}},
  url = {http://ebooks.cambridge.org/ref/id/CBO9780511611759},
  year = {1982}
}

@article{Wichmann2009,
  author = {Wichmann, S{\o}ren and Holman, Eric W.},
  journal = {Human Biology},
  number = {2},
  pages = {259--274},
  title = {{Population size and rates of language change}},
  url = {https://muse.jhu.edu/article/362937},
  volume = {81},
  year = {2009}
}

@incollection{Wichmann2015,
  address = {London},
  author = {Wichmann, S{\o}ren},
  booktitle = {The Routledge Handbook of Historical Linguistics},
  chapter = {8},
  editor = {Bowern, Claire and Evans, Bethwyn},
  pages = {212--224},
  publisher = {Routledge},
  title = {{Diachronic stability and typology}},
  year = {2015}
}

@article{Willer2009,
  author = {Willer, Robb and Kuwabara, Ko and Macy, Michael W.},
  doi = {10.1086/599250},
  issn = {0002-9602},
  journal = {American Journal of Sociology},
  month = {sep},
  number = {2},
  pages = {451--490},
  title = {{The false enforcement of unpopular norms}},
  url = {http://www.jstor.org/stable/10.1086/599250},
  volume = {115},
  year = {2009}
}

@incollection{Williams1999,
  author = {Williams, Ann and Kerswill, Paul},
  booktitle = {Urban Voices: Accent Studies in the British Isles},
  chapter = {8},
  editor = {Foulkes, Paul and Docherty, Gerard},
  isbn = {9780340706084},
  pages = {141--162},
  publisher = {Routledge},
  title = {{Dialect levelling: change and continuity in Milton Keynes, Reading and Hull}},
  year = {1999}
}

@incollection{Winter-Froemel2008,
  address = {Amsterdam},
  author = {Winter-Froemel, Esme},
  booktitle = {The Paradox of Grammatical Change: Perspectives from Romance},
  doi = {10.1075/cilt.293.10win},
  editor = {Detges, Ulrich and Waltereit, Richard},
  pages = {215--250},
  publisher = {John Benjamins Publishing Company},
  series = {Current Issues in Linguistic Theory},
  title = {{Towards a comprehensive view of language change: Three recent evolutionary approaches}},
  volume = {293},
  year = {2008}
}

@article{Winter2016,
  author = {Winter, Bodo and Wieling, Martijn},
  doi = {10.1093/jole/lzv003},
  issn = {2058-4571},
  journal = {Journal of Language Evolution},
  month = {jan},
  number = {1},
  pages = {7--18},
  title = {{How to analyze linguistic change using mixed models, Growth Curve Analysis and Generalized Additive Modeling}},
  url = {http://jole.oxfordjournals.org/lookup/doi/10.1093/jole/lzv003},
  volume = {1},
  year = {2016}
}

@article{Winters2015,
  author = {Winters, James and Kirby, Simon and Smith, Kenny},
  doi = {10.1017/langcog.2014.35},
  issn = {1866-9808},
  journal = {Language and Cognition},
  month = {sep},
  number = {3},
  pages = {415--449},
  title = {{Languages adapt to their contextual niche}},
  url = {http://www.journals.cambridge.org/abstract\_S1866980814000350},
  volume = {7},
  year = {2015}
}

@article{Wray2007,
  author = {Wray, Alison and Grace, George W.},
  doi = {10.1016/j.lingua.2005.05.005},
  issn = {00243841},
  journal = {Lingua},
  month = {mar},
  number = {3},
  pages = {543--578},
  title = {{The consequences of talking to strangers: Evolutionary corollaries of socio-cultural influences on linguistic form}},
  url = {http://linkinghub.elsevier.com/retrieve/pii/S0024384105000999},
  volume = {117},
  year = {2007}
}

@article{Wright1931,
  author = {Wright, Sewall},
  doi = {10.1016/S0092-8240(05)80011-4},
  issn = {00928240},
  journal = {Genetics},
  pages = {97--159},
  title = {{Evolution in Mendelian populations}},
  url = {http://www.springerlink.com/index/10.1016/S0092-8240(05)80011-4 http://www.ncbi.nlm.nih.gov/pmc/articles/PMC1201091/pdf/97.pdf},
  volume = {16},
  year = {1931}
}

@article{Wright1943,
  author = {Wright, Sewall},
  issn = {0016-6731},
  journal = {Genetics},
  month = {mar},
  number = {2},
  pages = {114--138},
  pmid = {17247074},
  title = {{Isolation by distance}},
  url = {http://www.ncbi.nlm.nih.gov/pubmed/17247074 http://www.pubmedcentral.nih.gov/articlerender.fcgi?artid=PMC1209196},
  volume = {28},
  year = {1943}
}

@book{Yang2002,
  address = {Oxford},
  author = {Yang, Charles D},
  isbn = {0-19-925414-1},
  publisher = {Oxford University Press},
  title = {{Knowledge and learning in natural language}},
  year = {2002}
}

@book{Zipf1935,
  address = {Boston},
  author = {Zipf, George Kingsley},
  publisher = {Houghton Mifflin Co.},
  title = {{The psycho-biology of language: an introduction to dynamic philology}},
  year = {1935}
}

@book{Zipf1949,
  author = {Zipf, George Kingsley},
  pages = {573},
  publisher = {Addison-Wesley},
  title = {{Human behaviour and the principle of least effort}},
  year = {1949}
}

@misc{ordinal2015,
  author = {Christensen, Rune Haubo Bojesen},
  title = {{ordinal - Regression Models for Ordinal Data}},
  type = {R package version 2015.6-28. http://www.cran.r-project.org/package=ordinal/},
  url = {https://cran.r-project.org/package=ordinal},
  year = {2015}
}

@misc{pvrank1.1,
  author = {Amerise, Ilaria L. and Marozzi, Marco and Tarsitano, Agostino},
  title = {{pvrank: Rank Correlations}},
  url = {https://cran.r-project.org/package=pvrank},
  year = {2016}
}

